<?xml version="1.0" encoding="UTF-8"?>
<!DOCTYPE html PUBLIC "-//W3C//DTD XHTML 1.0 Transitional//EN"
    "http://www.w3.org/TR/xhtml1/DTD/xhtml1-transitional.dtd">
<html xmlns="http://www.w3.org/1999/xhtml" xml:lang="en" lang="en">
 <head>
  <title>
</title>
<meta http-equiv="Content-Type" content="text/html;charset=utf-8" />
  <meta name='ocr-system' content='tesseract 3.04.00' />
  <meta name='ocr-capabilities' content='ocr_page ocr_carea ocr_par ocr_line ocrx_word'/>
</head>
<body>
  <div class='ocr_page' id='page_1' title='image "./lucianimuelleri01mlgoog_0031.png"; bbox 0 0 3298 5110; ppageno 0'>
   <div class='ocr_carea' id='block_1_1' title="bbox 764 241 979 342">
    <p class='ocr_par' dir='ltr' id='par_1_1' title="bbox 764 241 979 342">
     <span class='ocr_line' id='line_1_1' title="bbox 764 241 979 342; baseline 0 0"><span class='ocrx_word' id='word_1_1' title='bbox 764 241 979 342; x_wconf 78' lang='lat'>&#39;..22..</span> 
     </span>
    </p>
   </div>
   <div class='ocr_carea' id='block_1_2' title="bbox 306 423 1463 820">
    <p class='ocr_par' dir='ltr' id='par_1_2' title="bbox 306 423 1463 820">
     <span class='ocr_line' id='line_1_2' title="bbox 306 423 1446 520; baseline 0 -25"><span class='ocrx_word' id='word_1_2' title='bbox 306 423 448 515; x_wconf 85' lang='lat' dir='ltr'>pondere</span> <span class='ocrx_word' id='word_1_3' title='bbox 470 431 584 496; x_wconf 80' lang='lat' dir='ltr'>cecidit</span> <span class='ocrx_word' id='word_1_4' title='bbox 606 436 638 496; x_wconf 93' lang='lat' dir='ltr'>et</span> <span class='ocrx_word' id='word_1_5' title='bbox 653 432 827 514; x_wconf 85' lang='lat' dir='ltr'>exspiravit</span> <span class='ocrx_word' id='word_1_6' title='bbox 840 431 945 520; x_wconf 86' lang='lat' dir='ltr'>media</span> <span class='ocrx_word' id='word_1_7' title='bbox 960 430 1118 514; x_wconf 87' lang='lat' dir='ltr'>collapsus</span> <span class='ocrx_word' id='word_1_8' title='bbox 1134 431 1193 496; x_wconf 85' lang='lat' dir='ltr'>via.</span> <span class='ocrx_word' id='word_1_9' title='bbox 1218 434 1286 494; x_wconf 88' lang='lat' dir='ltr'>tum</span> <span class='ocrx_word' id='word_1_10' title='bbox 1302 432 1446 495; x_wconf 89' lang='lat' dir='ltr'>volucres</span> 
     </span>
     <span class='ocr_line' id='line_1_3' title="bbox 307 532 1463 617; baseline 0.001 -22"><span class='ocrx_word' id='word_1_11' title='bbox 307 533 513 597; x_wconf 87' lang='lat' dir='ltr'>advenientes</span> <span class='ocrx_word' id='word_1_12' title='bbox 541 535 580 598; x_wconf 89' lang='lat' dir='ltr'>ad</span> <span class='ocrx_word' id='word_1_13' title='bbox 608 534 758 617; x_wconf 81' lang='lat' dir='ltr'>praedam</span> <span class='ocrx_word' id='word_1_14' title='bbox 787 533 960 597; x_wconf 88' lang='lat' dir='ltr'>convolant</span> <span class='ocrx_word' id='word_1_15' title='bbox 989 533 1146 598; x_wconf 88' lang='lat' dir='ltr'>dicentes:</span> <span class='ocrx_word' id='word_1_16' title='bbox 1184 532 1211 596; x_wconf 84' lang='lat' dir='ltr'>si</span> <span class='ocrx_word' id='word_1_17' title='bbox 1244 537 1275 596; x_wconf 89' lang='lat' dir='ltr'>te</span> <span class='ocrx_word' id='word_1_18' title='bbox 1302 532 1463 616; x_wconf 87' lang='lat' dir='ltr'>precanti·</span> 
     </span>
     <span class='ocr_line' id='line_1_4' title="bbox 307 633 1446 718; baseline 0.002 -21"><span class='ocrx_word' id='word_1_19' title='bbox 307 635 417 698; x_wconf 87' lang='lat' dir='ltr'>mitem</span> <span class='ocrx_word' id='word_1_20' title='bbox 455 635 652 699; x_wconf 86' lang='lat' dir='ltr'>exhibuisses</span> <span class='ocrx_word' id='word_1_21' title='bbox 685 635 776 718; x_wconf 91' lang='lat' dir='ltr'>bovi,</span> <span class='ocrx_word' id='word_1_22' title='bbox 810 656 877 699; x_wconf 92' lang='lat' dir='ltr'>non</span> <span class='ocrx_word' id='word_1_23' title='bbox 909 634 974 698; x_wconf 91' lang='lat' dir='ltr'>iam</span> <span class='ocrx_word' id='word_1_24' title='bbox 1008 635 1179 699; x_wconf 90' lang='lat' dir='ltr'>immaturo</span> <span class='ocrx_word' id='word_1_25' title='bbox 1217 656 1276 698; x_wconf 91' lang='lat' dir='ltr'>nos</span> <span class='ocrx_word' id='word_1_26' title='bbox 1312 633 1446 699; x_wconf 87' lang='lat' dir='ltr'>interitu</span> 
     </span>
     <span class='ocr_line' id='line_1_5' title="bbox 307 739 540 820; baseline 0 -20"><span class='ocrx_word' id='word_1_27' title='bbox 307 757 452 820; x_wconf 88' lang='lat' dir='ltr'>pasceres</span> <span class='ocrx_word' id='word_1_28' title='bbox 474 739 540 800; x_wconf 90' lang='lat' dir='ltr'>tuo.</span> 
     </span>
    </p>
   </div>
   <div class='ocr_carea' id='block_1_3' title="bbox 848 904 907 970">
    <p class='ocr_par' dir='ltr' id='par_1_3' title="bbox 848 904 907 970">
     <span class='ocr_line' id='line_1_6' title="bbox 848 904 907 970; baseline 0.017 -1"><span class='ocrx_word' id='word_1_29' title='bbox 848 904 907 970; x_wconf 90' lang='grc' dir='ltr'>ΠΙ.</span> 
     </span>
    </p>
   </div>
   <div class='ocr_carea' id='block_1_4' title="bbox 216 1041 1466 4477">
    <p class='ocr_par' dir='ltr' id='par_1_4' title="bbox 309 1041 1451 1736">
     <span class='ocr_line' id='line_1_7' title="bbox 394 1041 1448 1127; baseline -0.003 -19"><span class='ocrx_word' id='word_1_30' title='bbox 394 1042 494 1108; x_wconf 82' lang='lat' dir='ltr'>Oulcx</span> <span class='ocrx_word' id='word_1_31' title='bbox 517 1063 588 1106; x_wconf 92' lang='lat' dir='ltr'>cum</span> <span class='ocrx_word' id='word_1_32' title='bbox 616 1046 743 1106; x_wconf 89' lang='lat' dir='ltr'>taurum</span> <span class='ocrx_word' id='word_1_33' title='bbox 766 1044 969 1124; x_wconf 88' lang='lat' dir='ltr'>provocasset</span> <span class='ocrx_word' id='word_1_34' title='bbox 991 1041 1126 1126; x_wconf 77' lang='lat' dir='ltr'>viribuS,</span> <span class='ocrx_word' id='word_1_35' title='bbox 1157 1045 1315 1106; x_wconf 89' lang='lat' dir='ltr'>venerunt</span> <span class='ocrx_word' id='word_1_36' title='bbox 1335 1043 1448 1127; x_wconf 84' lang='lat' dir='ltr'>populi</span> 
     </span>
     <span class='ocr_line' id='line_1_8' title="bbox 309 1143 1447 1227; baseline -0.002 -18"><span class='ocrx_word' id='word_1_37' title='bbox 309 1145 425 1226; x_wconf 89' lang='lat' dir='ltr'>cuncti,</span> <span class='ocrx_word' id='word_1_38' title='bbox 448 1147 485 1208; x_wconf 92' lang='lat' dir='ltr'>ut</span> <span class='ocrx_word' id='word_1_39' title='bbox 506 1143 687 1227; x_wconf 88' lang='lat' dir='ltr'>spectacula</span> <span class='ocrx_word' id='word_1_40' title='bbox 709 1146 885 1207; x_wconf 79' lang='lat' dir='ltr'>cernerent.</span> <span class='ocrx_word' id='word_1_41' title='bbox 922 1145 998 1206; x_wconf 89' lang='lat' dir='ltr'>tunc</span> <span class='ocrx_word' id='word_1_42' title='bbox 1019 1158 1137 1227; x_wconf 84' lang='lat' dir='ltr'>parvus</span> <span class='ocrx_word' id='word_1_43' title='bbox 1159 1143 1266 1208; x_wconf 86' lang='lat' dir='ltr'>culex:</span> <span class='ocrx_word' id='word_1_44' title='bbox 1289 1145 1376 1220; x_wconf 78' lang='lat' dir='ltr'>satie,</span> <span class='ocrx_word' id='word_1_45' title='bbox 1400 1143 1447 1207; x_wconf 89' lang='lat' dir='ltr'>in-</span> 
     </span>
     <span class='ocr_line' id='line_1_9' title="bbox 309 1244 1445 1331; baseline -0.001 -21"><span class='ocrx_word' id='word_1_46' title='bbox 309 1247 388 1331; x_wconf 90' lang='lat' dir='ltr'>quit,</span> <span class='ocrx_word' id='word_1_47' title='bbox 410 1245 524 1330; x_wconf 90' lang='lat' dir='ltr'>habeo,</span> <span class='ocrx_word' id='word_1_48' title='bbox 547 1245 634 1329; x_wconf 93' lang='lat' dir='ltr'>quod</span> <span class='ocrx_word' id='word_1_49' title='bbox 656 1244 772 1308; x_wconf 89' lang='lat' dir='ltr'>venisti</span> <span class='ocrx_word' id='word_1_50' title='bbox 795 1244 992 1313; x_wconf 64' lang='lat' dir='ltr'>comminus..</span> <span class='ocrx_word' id='word_1_51' title='bbox 1020 1266 1079 1328; x_wconf 89' lang='lat' dir='ltr'>par</span> <span class='ocrx_word' id='word_1_52' title='bbox 1100 1245 1159 1310; x_wconf 91' lang='lat' dir='ltr'>tibi</span> <span class='ocrx_word' id='word_1_53' title='bbox 1182 1245 1286 1310; x_wconf 85' lang='lat' dir='ltr'>factus</span> <span class='ocrx_word' id='word_1_54' title='bbox 1308 1267 1378 1308; x_wconf 88' lang='lat' dir='ltr'>sum</span> <span class='ocrx_word' id='word_1_55' title='bbox 1400 1245 1445 1309; x_wconf 94' lang='lat' dir='ltr'>iu-</span> 
     </span>
     <span class='ocr_line' id='line_1_10' title="bbox 311 1345 1447 1430; baseline -0.001 -19"><span class='ocrx_word' id='word_1_56' title='bbox 311 1347 394 1411; x_wconf 88' lang='lat' dir='ltr'>dicio</span> <span class='ocrx_word' id='word_1_57' title='bbox 416 1350 484 1411; x_wconf 88' lang='lat' dir='ltr'>tuo.</span> <span class='ocrx_word' id='word_1_58' title='bbox 522 1345 575 1411; x_wconf 93' lang='lat' dir='ltr'>hic</span> <span class='ocrx_word' id='word_1_59' title='bbox 597 1369 631 1411; x_wconf 88' lang='lat' dir='ltr'>se</span> <span class='ocrx_word' id='word_1_60' title='bbox 653 1368 710 1430; x_wconf 90' lang='lat' dir='ltr'>per</span> <span class='ocrx_word' id='word_1_61' title='bbox 732 1368 825 1410; x_wconf 86' lang='lat' dir='ltr'>auras</span> <span class='ocrx_word' id='word_1_62' title='bbox 847 1347 977 1410; x_wconf 86' lang='lat' dir='ltr'>sustulit</span> <span class='ocrx_word' id='word_1_63' title='bbox 998 1369 1104 1430; x_wconf 89' lang='lat' dir='ltr'>penna</span> <span class='ocrx_word' id='word_1_64' title='bbox 1126 1346 1198 1430; x_wconf 91' lang='lat' dir='ltr'>levi,</span> <span class='ocrx_word' id='word_1_65' title='bbox 1220 1346 1360 1430; x_wconf 82' lang='lat' dir='ltr'>lusitque</span> <span class='ocrx_word' id='word_1_66' title='bbox 1382 1351 1447 1411; x_wconf 92' lang='lat' dir='ltr'>tur-</span> 
     </span>
     <span class='ocr_line' id='line_1_11' title="bbox 309 1447 1449 1531; baseline 0 -19"><span class='ocrx_word' id='word_1_67' title='bbox 309 1449 384 1512; x_wconf 90' lang='lat' dir='ltr'>bam</span> <span class='ocrx_word' id='word_1_68' title='bbox 407 1451 440 1512; x_wconf 91' lang='lat' dir='ltr'>et</span> <span class='ocrx_word' id='word_1_69' title='bbox 460 1447 545 1513; x_wconf 87' lang='lat' dir='ltr'>tauri</span> <span class='ocrx_word' id='word_1_70' title='bbox 568 1447 713 1512; x_wconf 88' lang='lat' dir='ltr'>destituit</span> <span class='ocrx_word' id='word_1_71' title='bbox 734 1448 850 1513; x_wconf 88' lang='lat' dir='ltr'>minas.</span> <span class='ocrx_word' id='word_1_72' title='bbox 880 1447 965 1531; x_wconf 89' lang='lat' dir='ltr'>quod</span> <span class='ocrx_word' id='word_1_73' title='bbox 988 1449 1015 1512; x_wconf 92' lang='lat' dir='ltr'>si</span> <span class='ocrx_word' id='word_1_74' title='bbox 1036 1448 1150 1513; x_wconf 86' lang='lat' dir='ltr'>luisset</span> <span class='ocrx_word' id='word_1_75' title='bbox 1171 1448 1294 1513; x_wconf 86' lang='lat' dir='ltr'>validae</span> <span class='ocrx_word' id='word_1_76' title='bbox 1317 1448 1449 1513; x_wconf 82' lang='lat' dir='ltr'>cervicis</span> 
     </span>
     <span class='ocr_line' id='line_1_12' title="bbox 309 1548 1451 1634; baseline -0.004 -19"><span class='ocrx_word' id='word_1_77' title='bbox 309 1573 442 1632; x_wconf 88' lang='lat' dir='ltr'>memor,</span> <span class='ocrx_word' id='word_1_78' title='bbox 470 1548 655 1633; x_wconf 87' lang='lat' dir='ltr'>pudendum</span> <span class='ocrx_word' id='word_1_79' title='bbox 683 1553 918 1632; x_wconf 73' lang='lat' dir='ltr'>contempserat</span> <span class='ocrx_word' id='word_1_80' title='bbox 943 1549 1107 1614; x_wconf 88' lang='lat' dir='ltr'>inimicum</span> <span class='ocrx_word' id='word_1_81' title='bbox 1132 1554 1165 1614; x_wconf 92' lang='lat' dir='ltr'>et</span> <span class='ocrx_word' id='word_1_82' title='bbox 1186 1551 1296 1634; x_wconf 89' lang='lat' dir='ltr'>inepta</span> <span class='ocrx_word' id='word_1_83' title='bbox 1317 1550 1451 1614; x_wconf 89' lang='lat' dir='ltr'>materia</span> 
     </span>
     <span class='ocr_line' id='line_1_13' title="bbox 309 1649 1449 1736; baseline -0.003 -18"><span class='ocrx_word' id='word_1_84' title='bbox 309 1676 377 1718; x_wconf 92' lang='lat' dir='ltr'>non</span> <span class='ocrx_word' id='word_1_85' title='bbox 395 1652 510 1716; x_wconf 85' lang='lat' dir='ltr'>fuisset</span> <span class='ocrx_word' id='word_1_86' title='bbox 531 1650 727 1736; x_wconf 82' lang='lat' dir='ltr'>gloriationi.</span> <span class='ocrx_word' id='word_1_87' title='bbox 745 1687 783 1697; x_wconf 83' lang='lat'><em>-</em></span> <span class='ocrx_word' id='word_1_88' title='bbox 807 1649 889 1725; x_wconf 78' lang='lat' dir='ltr'>Quia</span> <span class='ocrx_word' id='word_1_89' title='bbox 910 1650 964 1714; x_wconf 92' lang='lat' dir='ltr'>ille</span> <span class='ocrx_word' id='word_1_90' title='bbox 986 1649 1105 1714; x_wconf 86' lang='lat' dir='ltr'>famam</span> <span class='ocrx_word' id='word_1_91' title='bbox 1127 1652 1188 1716; x_wconf 88' lang='lat' dir='ltr'>sibi</span> <span class='ocrx_word' id='word_1_92' title='bbox 1211 1651 1371 1735; x_wconf 78' lang='lat' dir='ltr'>diminuit,</span> <span class='ocrx_word' id='word_1_93' title='bbox 1394 1652 1449 1736; x_wconf 91' lang='lat' dir='ltr'>qui</span> 
     </span>
    </p>

    <p class='ocr_par' dir='ltr' id='par_1_5' title="bbox 216 1753 1451 2648">
     <span class='ocr_line' id='line_1_14' title="bbox 311 1753 704 1839; baseline -0.013 -19"><span class='ocrx_word' id='word_1_94' title='bbox 311 1777 344 1820; x_wconf 89' lang='lat' dir='ltr'>se</span> <span class='ocrx_word' id='word_1_95' title='bbox 366 1753 508 1839; x_wconf 85' lang='lat' dir='ltr'>indignis</span> <span class='ocrx_word' id='word_1_96' title='bbox 531 1757 704 1836; x_wconf 89' lang='lat' dir='ltr'>comparat.</span> 
     </span>
     <span class='ocr_line' id='line_1_15' title="bbox 216 1835 1450 1938; baseline -0.002 -19"><span class='ocrx_word' id='word_1_97' title='bbox 216 1835 222 1850; x_wconf 45' lang='lat'>⁸</span> <span class='ocrx_word' id='word_1_98' title='bbox 395 1854 584 1919; x_wconf 85' lang='lat' dir='ltr'>Editionum</span> <span class='ocrx_word' id='word_1_99' title='bbox 618 1853 754 1917; x_wconf 79' lang='lat' dir='ltr'>Phaedri</span> <span class='ocrx_word' id='word_1_100' title='bbox 787 1874 938 1917; x_wconf 88' lang='lat' dir='ltr'>numerus</span> <span class='ocrx_word' id='word_1_101' title='bbox 975 1875 1047 1918; x_wconf 90' lang='lat' dir='ltr'>cum</span> <span class='ocrx_word' id='word_1_102' title='bbox 1083 1877 1183 1938; x_wconf 89' lang='lat' dir='ltr'>prope</span> <span class='ocrx_word' id='word_1_103' title='bbox 1220 1855 1263 1919; x_wconf 91' lang='lat' dir='ltr'>sit</span> <span class='ocrx_word' id='word_1_104' title='bbox 1294 1855 1450 1935; x_wconf 76' lang='lat' dir='ltr'>infinitae,</span> 
     </span>
     <span class='ocr_line' id='line_1_16' title="bbox 311 1955 1451 2040; baseline -0.002 -18"><span class='ocrx_word' id='word_1_105' title='bbox 311 1961 435 2040; x_wconf 89' lang='lat' dir='ltr'>tamen,</span> <span class='ocrx_word' id='word_1_106' title='bbox 465 1959 502 2019; x_wconf 93' lang='lat' dir='ltr'>ut</span> <span class='ocrx_word' id='word_1_107' title='bbox 523 1955 574 2032; x_wconf 84' lang='lat' dir='ltr'>fit,</span> <span class='ocrx_word' id='word_1_108' title='bbox 604 1975 685 2039; x_wconf 88' lang='lat' dir='ltr'>quae</span> <span class='ocrx_word' id='word_1_109' title='bbox 713 1955 868 2019; x_wconf 80' lang='lat' dir='ltr'>momenti</span> <span class='ocrx_word' id='word_1_110' title='bbox 900 1956 965 2018; x_wconf 89' lang='lat' dir='ltr'>sint</span> <span class='ocrx_word' id='word_1_111' title='bbox 993 1956 1149 2040; x_wconf 84' lang='lat' dir='ltr'>gravioris</span> <span class='ocrx_word' id='word_1_112' title='bbox 1173 1956 1213 2019; x_wconf 92' lang='lat' dir='ltr'>ad</span> <span class='ocrx_word' id='word_1_113' title='bbox 1237 1956 1451 2020; x_wconf 86' lang='lat' dir='ltr'>emendandas</span> 
     </span>
     <span class='ocr_line' id='line_1_17' title="bbox 311 2055 1450 2141; baseline -0.002 -20"><span class='ocrx_word' id='word_1_114' title='bbox 311 2059 364 2122; x_wconf 87' lang='lat' dir='ltr'>vel</span> <span class='ocrx_word' id='word_1_115' title='bbox 387 2055 589 2141; x_wconf 84' lang='lat' dir='ltr'>explicandas</span> <span class='ocrx_word' id='word_1_116' title='bbox 612 2056 679 2119; x_wconf 89' lang='lat' dir='ltr'>cius</span> <span class='ocrx_word' id='word_1_117' title='bbox 701 2055 836 2139; x_wconf 75' lang='lat' dir='ltr'>fabulaS,</span> <span class='ocrx_word' id='word_1_118' title='bbox 859 2057 936 2120; x_wconf 87' lang='lat' dir='ltr'>satis</span> <span class='ocrx_word' id='word_1_119' title='bbox 958 2060 1086 2122; x_wconf 83' lang='lat' dir='ltr'>exstant</span> <span class='ocrx_word' id='word_1_120' title='bbox 1107 2079 1237 2140; x_wconf 87' lang='lat' dir='ltr'>paucae.</span> <span class='ocrx_word' id='word_1_121' title='bbox 1284 2057 1368 2121; x_wconf 90' lang='lat' dir='ltr'>Nam</span> <span class='ocrx_word' id='word_1_122' title='bbox 1391 2057 1450 2120; x_wconf 86' lang='lat' dir='ltr'>etsi</span> 
     </span>
     <span class='ocr_line' id='line_1_18' title="bbox 311 2156 1451 2242; baseline -0.001 -19"><span class='ocrx_word' id='word_1_123' title='bbox 311 2159 480 2242; x_wconf 83' lang='lat' dir='ltr'>Pithoeus,</span> <span class='ocrx_word' id='word_1_124' title='bbox 502 2157 678 2242; x_wconf 83' lang='lat' dir='ltr'>Rigaltius,</span> <span class='ocrx_word' id='word_1_125' title='bbox 702 2156 824 2221; x_wconf 88' lang='lat' dir='ltr'>Gudius</span> <span class='ocrx_word' id='word_1_126' title='bbox 846 2158 948 2222; x_wconf 90' lang='lat' dir='ltr'>multa</span> <span class='ocrx_word' id='word_1_127' title='bbox 970 2156 1048 2223; x_wconf 90' lang='lat' dir='ltr'>vitia</span> <span class='ocrx_word' id='word_1_128' title='bbox 1070 2161 1104 2223; x_wconf 91' lang='lat' dir='ltr'>in</span> <span class='ocrx_word' id='word_1_129' title='bbox 1127 2160 1172 2224; x_wconf 89' lang='lat' dir='ltr'>eis</span> <span class='ocrx_word' id='word_1_130' title='bbox 1194 2159 1328 2224; x_wconf 90' lang='lat' dir='ltr'>latentia</span> <span class='ocrx_word' id='word_1_131' title='bbox 1349 2163 1451 2222; x_wconf 90' lang='lat' dir='ltr'>sustu-</span> 
     </span>
     <span class='ocr_line' id='line_1_19' title="bbox 311 2257 1451 2346; baseline -0.001 -21"><span class='ocrx_word' id='word_1_132' title='bbox 311 2263 429 2345; x_wconf 90' lang='lat' dir='ltr'>lerunt,</span> <span class='ocrx_word' id='word_1_133' title='bbox 452 2282 512 2325; x_wconf 92' lang='lat' dir='ltr'>nec</span> <span class='ocrx_word' id='word_1_134' title='bbox 534 2258 640 2322; x_wconf 90' lang='lat' dir='ltr'>minus</span> <span class='ocrx_word' id='word_1_135' title='bbox 662 2257 816 2323; x_wconf 89' lang='lat' dir='ltr'>Nicolaus</span> <span class='ocrx_word' id='word_1_136' title='bbox 838 2259 1001 2344; x_wconf 87' lang='lat' dir='ltr'>Heinsius,</span> <span class='ocrx_word' id='word_1_137' title='bbox 1024 2261 1208 2326; x_wconf 82' lang='lat' dir='ltr'>criticorum</span> <span class='ocrx_word' id='word_1_138' title='bbox 1230 2261 1335 2346; x_wconf 83' lang='lat' dir='ltr'>gentis</span> <span class='ocrx_word' id='word_1_139' title='bbox 1358 2259 1451 2324; x_wconf 90' lang='lat' dir='ltr'>Bata-</span> 
     </span>
     <span class='ocr_line' id='line_1_20' title="bbox 314 2360 1450 2445; baseline -0.003 -18"><span class='ocrx_word' id='word_1_140' title='bbox 314 2385 371 2427; x_wconf 88' lang='lat' dir='ltr'>vac</span> <span class='ocrx_word' id='word_1_141' title='bbox 407 2360 501 2425; x_wconf 90' lang='lat' dir='ltr'>facile</span> <span class='ocrx_word' id='word_1_142' title='bbox 539 2360 706 2445; x_wconf 84' lang='lat' dir='ltr'>princeps,</span> <span class='ocrx_word' id='word_1_143' title='bbox 750 2364 858 2425; x_wconf 90' lang='lat' dir='ltr'>tamen</span> <span class='ocrx_word' id='word_1_144' title='bbox 896 2384 1007 2426; x_wconf 89' lang='lat' dir='ltr'>omnes</span> <span class='ocrx_word' id='word_1_145' title='bbox 1043 2363 1239 2426; x_wconf 82' lang='lat' dir='ltr'>accuratiore</span> <span class='ocrx_word' id='word_1_146' title='bbox 1276 2364 1450 2426; x_wconf 86' lang='lat' dir='ltr'>metrorum</span> 
     </span>
     <span class='ocr_line' id='line_1_21' title="bbox 312 2460 1451 2546; baseline -0.001 -19"><span class='ocrx_word' id='word_1_147' title='bbox 312 2462 450 2528; x_wconf 89' lang='lat' dir='ltr'>Phaedri</span> <span class='ocrx_word' id='word_1_148' title='bbox 482 2461 598 2545; x_wconf 89' lang='lat' dir='ltr'>peritia</span> <span class='ocrx_word' id='word_1_149' title='bbox 631 2460 901 2546; x_wconf 83' lang='lat' dir='ltr'>destituebantur,</span> <span class='ocrx_word' id='word_1_150' title='bbox 935 2467 971 2527; x_wconf 94' lang='lat' dir='ltr'>ut</span> <span class='ocrx_word' id='word_1_151' title='bbox 997 2463 1114 2528; x_wconf 84' lang='lat' dir='ltr'>vitiosa</span> <span class='ocrx_word' id='word_1_152' title='bbox 1140 2462 1224 2526; x_wconf 91' lang='lat' dir='ltr'>haud</span> <span class='ocrx_word' id='word_1_153' title='bbox 1252 2484 1354 2546; x_wconf 87' lang='lat' dir='ltr'>pauca</span> <span class='ocrx_word' id='word_1_154' title='bbox 1385 2484 1451 2527; x_wconf 92' lang='lat' dir='ltr'>non</span> 
     </span>
     <span class='ocr_line' id='line_1_22' title="bbox 314 2562 1284 2648; baseline 0 -20"><span class='ocrx_word' id='word_1_155' title='bbox 314 2565 409 2629; x_wconf 90' lang='lat' dir='ltr'>modo</span> <span class='ocrx_word' id='word_1_156' title='bbox 432 2562 652 2644; x_wconf 88' lang='lat' dir='ltr'>relinquerent</span> <span class='ocrx_word' id='word_1_157' title='bbox 673 2562 740 2626; x_wconf 92' lang='lat' dir='ltr'>eius</span> <span class='ocrx_word' id='word_1_158' title='bbox 763 2563 916 2648; x_wconf 89' lang='lat' dir='ltr'>versibus,</span> <span class='ocrx_word' id='word_1_159' title='bbox 939 2564 994 2627; x_wconf 87' lang='lat' dir='ltr'>sed</span> <span class='ocrx_word' id='word_1_160' title='bbox 1016 2564 1094 2627; x_wconf 89' lang='lat' dir='ltr'>adeo</span> <span class='ocrx_word' id='word_1_161' title='bbox 1117 2562 1284 2628; x_wconf 88' lang='lat' dir='ltr'>inferrent.</span> 
     </span>
    </p>

    <p class='ocr_par' dir='ltr' id='par_1_6' title="bbox 246 2662 1466 4477">
     <span class='ocr_line' id='line_1_23' title="bbox 399 2662 1453 2751; baseline 0.002 -23"><span class='ocrx_word' id='word_1_162' title='bbox 399 2663 523 2728; x_wconf 90' lang='lat' dir='ltr'>Horum</span> <span class='ocrx_word' id='word_1_163' title='bbox 546 2663 713 2727; x_wconf 88' lang='lat' dir='ltr'>conatibus</span> <span class='ocrx_word' id='word_1_164' title='bbox 736 2663 906 2748; x_wconf 83' lang='lat' dir='ltr'>caliginem</span> <span class='ocrx_word' id='word_1_165' title='bbox 929 2662 1055 2729; x_wconf 83' lang='lat' dir='ltr'>induxit</span> <span class='ocrx_word' id='word_1_166' title='bbox 1077 2663 1255 2730; x_wconf 85' lang='lat' dir='ltr'>Richardus</span> <span class='ocrx_word' id='word_1_167' title='bbox 1277 2665 1453 2751; x_wconf 73' lang='lat' dir='ltr'>BentlciuS,</span> 
     </span>
     <span class='ocr_line' id='line_1_24' title="bbox 314 2763 1454 2850; baseline 0.002 -20"><span class='ocrx_word' id='word_1_168' title='bbox 314 2767 369 2850; x_wconf 90' lang='lat' dir='ltr'>qui</span> <span class='ocrx_word' id='word_1_169' title='bbox 391 2767 530 2850; x_wconf 91' lang='lat' dir='ltr'>primum</span> <span class='ocrx_word' id='word_1_170' title='bbox 546 2787 631 2829; x_wconf 90' lang='lat' dir='ltr'>anno</span> <span class='ocrx_word' id='word_1_171' title='bbox 650 2763 730 2828; x_wconf 79' lang='lat'>1726</span> <span class='ocrx_word' id='word_1_172' title='bbox 752 2765 786 2829; x_wconf 92' lang='lat' dir='ltr'>iu</span> <span class='ocrx_word' id='word_1_173' title='bbox 810 2766 985 2849; x_wconf 90' lang='lat' dir='ltr'>appendice</span> <span class='ocrx_word' id='word_1_174' title='bbox 1000 2766 1143 2830; x_wconf 87' lang='lat' dir='ltr'>Terentii</span> <span class='ocrx_word' id='word_1_175' title='bbox 1158 2766 1258 2831; x_wconf 90' lang='lat' dir='ltr'>edidit</span> <span class='ocrx_word' id='word_1_176' title='bbox 1271 2766 1454 2833; x_wconf 88' lang='lat' dir='ltr'>Phaedrum</span> 
     </span>
     <span class='ocr_line' id='line_1_25' title="bbox 312 2868 1455 2954; baseline 0.002 -22"><span class='ocrx_word' id='word_1_177' title='bbox 312 2869 400 2933; x_wconf 89' lang='lat' dir='ltr'>uotis</span> <span class='ocrx_word' id='word_1_178' title='bbox 429 2868 546 2932; x_wconf 87' lang='lat' dir='ltr'>criticis</span> <span class='ocrx_word' id='word_1_179' title='bbox 574 2868 781 2950; x_wconf 88' lang='lat' dir='ltr'>instructum,</span> <span class='ocrx_word' id='word_1_180' title='bbox 814 2889 895 2950; x_wconf 86' lang='lat' dir='ltr'>quae</span> <span class='ocrx_word' id='word_1_181' title='bbox 924 2868 1067 2932; x_wconf 87' lang='lat' dir='ltr'>recensio</span> <span class='ocrx_word' id='word_1_182' title='bbox 1096 2868 1264 2952; x_wconf 89' lang='lat' dir='ltr'>aliquoties</span> <span class='ocrx_word' id='word_1_183' title='bbox 1291 2869 1377 2954; x_wconf 87' lang='lat' dir='ltr'>typis</span> <span class='ocrx_word' id='word_1_184' title='bbox 1407 2875 1455 2934; x_wconf 84' lang='lat' dir='ltr'>est</span> 
     </span>
     <span class='ocr_line' id='line_1_26' title="bbox 313 2967 1454 3055; baseline 0.001 -22"><span class='ocrx_word' id='word_1_185' title='bbox 313 2968 457 3053; x_wconf 86' lang='lat' dir='ltr'>repetita.</span> <span class='ocrx_word' id='word_1_186' title='bbox 501 2968 564 3033; x_wconf 90' lang='lat' dir='ltr'>Hic</span> <span class='ocrx_word' id='word_1_187' title='bbox 596 2967 696 3052; x_wconf 83' lang='lat' dir='ltr'>igitur</span> <span class='ocrx_word' id='word_1_188' title='bbox 728 2969 792 3051; x_wconf 89' lang='lat' dir='ltr'>vir,</span> <span class='ocrx_word' id='word_1_189' title='bbox 825 2969 925 3051; x_wconf 89' lang='lat' dir='ltr'>siquis</span> <span class='ocrx_word' id='word_1_190' title='bbox 954 2969 1035 3032; x_wconf 89' lang='lat' dir='ltr'>alius</span> <span class='ocrx_word' id='word_1_191' title='bbox 1064 2970 1213 3034; x_wconf 88' lang='lat' dir='ltr'>metricae</span> <span class='ocrx_word' id='word_1_192' title='bbox 1242 2971 1393 3055; x_wconf 88' lang='lat' dir='ltr'>antiquae</span> <span class='ocrx_word' id='word_1_193' title='bbox 1422 2975 1454 3034; x_wconf 87' lang='lat' dir='ltr'>et</span> 
     </span>
     <span class='ocr_line' id='line_1_27' title="bbox 314 3069 1452 3154; baseline 0.001 -19"><span class='ocrx_word' id='word_1_194' title='bbox 314 3071 452 3135; x_wconf 84' lang='lat' dir='ltr'>Graecae</span> <span class='ocrx_word' id='word_1_195' title='bbox 485 3073 518 3133; x_wconf 90' lang='lat' dir='ltr'>et</span> <span class='ocrx_word' id='word_1_196' title='bbox 544 3069 678 3134; x_wconf 85' lang='lat' dir='ltr'>Latinae</span> <span class='ocrx_word' id='word_1_197' title='bbox 710 3069 832 3152; x_wconf 88' lang='lat' dir='ltr'>peritus</span> <span class='ocrx_word' id='word_1_198' title='bbox 864 3069 933 3153; x_wconf 91' lang='lat' dir='ltr'>ille,</span> <span class='ocrx_word' id='word_1_199' title='bbox 970 3071 1091 3154; x_wconf 89' lang='lat' dir='ltr'>primus</span> <span class='ocrx_word' id='word_1_200' title='bbox 1128 3071 1166 3135; x_wconf 92' lang='lat' dir='ltr'>de</span> <span class='ocrx_word' id='word_1_201' title='bbox 1200 3076 1268 3136; x_wconf 88' lang='lat' dir='ltr'>arte</span> <span class='ocrx_word' id='word_1_202' title='bbox 1305 3093 1452 3136; x_wconf 87' lang='lat' dir='ltr'>versuum</span> 
     </span>
     <span class='ocr_line' id='line_1_28' title="bbox 314 3171 1453 3254; baseline -0.002 -17"><span class='ocrx_word' id='word_1_203' title='bbox 314 3171 450 3237; x_wconf 87' lang='lat' dir='ltr'>Phaedri</span> <span class='ocrx_word' id='word_1_204' title='bbox 473 3174 558 3236; x_wconf 90' lang='lat' dir='ltr'>recte</span> <span class='ocrx_word' id='word_1_205' title='bbox 581 3171 748 3254; x_wconf 89' lang='lat' dir='ltr'>iudicavit,</span> <span class='ocrx_word' id='word_1_206' title='bbox 771 3193 829 3236; x_wconf 91' lang='lat' dir='ltr'>nec</span> <span class='ocrx_word' id='word_1_207' title='bbox 851 3172 957 3235; x_wconf 90' lang='lat' dir='ltr'>minus</span> <span class='ocrx_word' id='word_1_208' title='bbox 980 3171 1043 3236; x_wconf 90' lang='lat' dir='ltr'>alia</span> <span class='ocrx_word' id='word_1_209' title='bbox 1064 3173 1165 3237; x_wconf 88' lang='lat' dir='ltr'>multa</span> <span class='ocrx_word' id='word_1_210' title='bbox 1186 3173 1221 3236; x_wconf 89' lang='lat' dir='ltr'>in</span> <span class='ocrx_word' id='word_1_211' title='bbox 1244 3173 1355 3237; x_wconf 88' lang='lat' dir='ltr'>eodem</span> <span class='ocrx_word' id='word_1_212' title='bbox 1378 3173 1453 3236; x_wconf 90' lang='lat' dir='ltr'>scri·</span> 
     </span>
     <span class='ocr_line' id='line_1_29' title="bbox 313 3272 1453 3359; baseline -0.001 -20"><span class='ocrx_word' id='word_1_213' title='bbox 313 3278 405 3359; x_wconf 89' lang='lat' dir='ltr'>ptore</span> <span class='ocrx_word' id='word_1_214' title='bbox 427 3275 549 3358; x_wconf 90' lang='lat' dir='ltr'>primus</span> <span class='ocrx_word' id='word_1_215' title='bbox 573 3275 646 3356; x_wconf 87' lang='lat' dir='ltr'>apte</span> <span class='ocrx_word' id='word_1_216' title='bbox 668 3273 845 3337; x_wconf 83' lang='lat' dir='ltr'>constituit.</span> <span class='ocrx_word' id='word_1_217' title='bbox 883 3272 1069 3338; x_wconf 85' lang='lat' dir='ltr'>Notandum</span> <span class='ocrx_word' id='word_1_218' title='bbox 1091 3278 1199 3338; x_wconf 85' lang='lat' dir='ltr'>tamen</span> <span class='ocrx_word' id='word_1_219' title='bbox 1223 3279 1270 3338; x_wconf 92' lang='lat' dir='ltr'>est</span> <span class='ocrx_word' id='word_1_220' title='bbox 1293 3296 1453 3338; x_wconf 83' lang='lat' dir='ltr'>eumnon</span> 
     </span>
     <span class='ocr_line' id='line_1_30' title="bbox 315 3372 1454 3459; baseline -0.001 -19"><span class='ocrx_word' id='word_1_221' title='bbox 315 3375 424 3440; x_wconf 92' lang='lat' dir='ltr'>eadem</span> <span class='ocrx_word' id='word_1_222' title='bbox 452 3376 637 3440; x_wconf 84' lang='lat' dir='ltr'>assiduitate</span> <span class='ocrx_word' id='word_1_223' title='bbox 665 3396 759 3454; x_wconf 85' lang='lat' dir='ltr'>curae</span> <span class='ocrx_word' id='word_1_224' title='bbox 787 3397 883 3458; x_wconf 91' lang='lat' dir='ltr'>quam</span> <span class='ocrx_word' id='word_1_225' title='bbox 913 3373 1098 3438; x_wconf 86' lang='lat' dir='ltr'>Terentium</span> <span class='ocrx_word' id='word_1_226' title='bbox 1128 3378 1160 3438; x_wconf 90' lang='lat' dir='ltr'>et</span> <span class='ocrx_word' id='word_1_227' title='bbox 1186 3372 1357 3439; x_wconf 88' lang='lat' dir='ltr'>Horatium</span> <span class='ocrx_word' id='word_1_228' title='bbox 1383 3398 1454 3459; x_wconf 90' lang='lat' dir='ltr'>per-</span> 
     </span>
     <span class='ocr_line' id='line_1_31' title="bbox 313 3474 1453 3559; baseline -0.001 -17"><span class='ocrx_word' id='word_1_229' title='bbox 313 3480 466 3542; x_wconf 88' lang='lat' dir='ltr'>tractasse</span> <span class='ocrx_word' id='word_1_230' title='bbox 488 3475 685 3559; x_wconf 89' lang='lat' dir='ltr'>Phaedrum,</span> <span class='ocrx_word' id='word_1_231' title='bbox 709 3474 764 3538; x_wconf 89' lang='lat' dir='ltr'>sed</span> <span class='ocrx_word' id='word_1_232' title='bbox 787 3498 859 3540; x_wconf 90' lang='lat' dir='ltr'>cum</span> <span class='ocrx_word' id='word_1_233' title='bbox 882 3476 1018 3559; x_wconf 90' lang='lat' dir='ltr'>quadam</span> <span class='ocrx_word' id='word_1_234' title='bbox 1041 3475 1263 3554; x_wconf 85' lang='lat' dir='ltr'>festinatione,</span> <span class='ocrx_word' id='word_1_235' title='bbox 1293 3478 1329 3539; x_wconf 93' lang='lat' dir='ltr'>ut</span> <span class='ocrx_word' id='word_1_236' title='bbox 1358 3476 1453 3541; x_wconf 90' lang='lat' dir='ltr'>etiam</span> 
     </span>
     <span class='ocr_line' id='line_1_32' title="bbox 315 3577 1455 3662; baseline 0.001 -20"><span class='ocrx_word' id='word_1_237' title='bbox 315 3577 514 3662; x_wconf 87' lang='lat' dir='ltr'>pedestribus</span> <span class='ocrx_word' id='word_1_238' title='bbox 544 3577 726 3641; x_wconf 88' lang='lat' dir='ltr'>fabularum</span> <span class='ocrx_word' id='word_1_239' title='bbox 754 3577 1010 3641; x_wconf 87' lang='lat' dir='ltr'>enarrationibus</span> <span class='ocrx_word' id='word_1_240' title='bbox 1037 3597 1150 3659; x_wconf 88' lang='lat' dir='ltr'>parum</span> <span class='ocrx_word' id='word_1_241' title='bbox 1179 3579 1332 3641; x_wconf 89' lang='lat' dir='ltr'>uteretur.</span> <span class='ocrx_word' id='word_1_242' title='bbox 1384 3577 1455 3653; x_wconf 81' lang='lat' dir='ltr'>Qua</span> 
     </span>
     <span class='ocr_line' id='line_1_33' title="bbox 315 3678 1453 3762; baseline 0.001 -19"><span class='ocrx_word' id='word_1_243' title='bbox 315 3701 410 3743; x_wconf 86' lang='lat' dir='ltr'>causa</span> <span class='ocrx_word' id='word_1_244' title='bbox 432 3678 549 3762; x_wconf 86' lang='lat' dir='ltr'>evenit,</span> <span class='ocrx_word' id='word_1_245' title='bbox 572 3681 609 3742; x_wconf 93' lang='lat' dir='ltr'>ut</span> <span class='ocrx_word' id='word_1_246' title='bbox 623 3678 728 3742; x_wconf 90' lang='lat' dir='ltr'>minus</span> <span class='ocrx_word' id='word_1_247' title='bbox 744 3700 830 3762; x_wconf 89' lang='lat' dir='ltr'>sane,</span> <span class='ocrx_word' id='word_1_248' title='bbox 853 3700 949 3761; x_wconf 86' lang='lat' dir='ltr'>quam</span> <span class='ocrx_word' id='word_1_249' title='bbox 968 3678 1084 3762; x_wconf 90' lang='lat' dir='ltr'>potuit,</span> <span class='ocrx_word' id='word_1_250' title='bbox 1108 3679 1283 3761; x_wconf 88' lang='lat' dir='ltr'>praestaret</span> <span class='ocrx_word' id='word_1_251' title='bbox 1297 3679 1453 3744; x_wconf 89' lang='lat' dir='ltr'>Phaedro.</span> 
     </span>
     <span class='ocr_line' id='line_1_34' title="bbox 316 3778 1455 3864; baseline 0 -20"><span class='ocrx_word' id='word_1_252' title='bbox 316 3781 494 3864; x_wconf 88' lang='lat' dir='ltr'>Praeterea,</span> <span class='ocrx_word' id='word_1_253' title='bbox 518 3779 603 3864; x_wconf 92' lang='lat' dir='ltr'>quod</span> <span class='ocrx_word' id='word_1_254' title='bbox 626 3778 791 3863; x_wconf 90' lang='lat' dir='ltr'>aliquanto</span> <span class='ocrx_word' id='word_1_255' title='bbox 813 3779 904 3863; x_wconf 89' lang='lat' dir='ltr'>peius</span> <span class='ocrx_word' id='word_1_256' title='bbox 927 3782 985 3862; x_wconf 87' lang='lat' dir='ltr'>est,</span> <span class='ocrx_word' id='word_1_257' title='bbox 1009 3779 1144 3844; x_wconf 87' lang='lat' dir='ltr'>insecuti</span> <span class='ocrx_word' id='word_1_258' title='bbox 1166 3781 1270 3844; x_wconf 87' lang='lat' dir='ltr'>aetate</span> <span class='ocrx_word' id='word_1_259' title='bbox 1293 3780 1396 3844; x_wconf 89' lang='lat' dir='ltr'>critici</span> <span class='ocrx_word' id='word_1_260' title='bbox 1419 3784 1455 3844; x_wconf 91' lang='lat' dir='ltr'>ut</span> 
     </span>
     <span class='ocr_line' id='line_1_35' title="bbox 246 3879 1454 3945; baseline -0.001 0"><span class='ocrx_word' id='word_1_261' title='bbox 246 3897 250 3908; x_wconf 91' lang='grc'><strong><em>·</em></strong></span> <span class='ocrx_word' id='word_1_262' title='bbox 317 3883 351 3945; x_wconf 91' lang='lat' dir='ltr'>in</span> <span class='ocrx_word' id='word_1_263' title='bbox 381 3881 533 3945; x_wconf 86' lang='lat' dir='ltr'>Terentio</span> <span class='ocrx_word' id='word_1_264' title='bbox 566 3885 598 3945; x_wconf 91' lang='lat' dir='ltr'>ct</span> <span class='ocrx_word' id='word_1_265' title='bbox 619 3879 756 3945; x_wconf 89' lang='lat' dir='ltr'>Horatio</span> <span class='ocrx_word' id='word_1_266' title='bbox 789 3882 834 3945; x_wconf 91' lang='lat' dir='ltr'>ita</span> <span class='ocrx_word' id='word_1_267' title='bbox 866 3881 900 3944; x_wconf 91' lang='lat' dir='ltr'>in</span> <span class='ocrx_word' id='word_1_268' title='bbox 923 3879 1069 3945; x_wconf 88' lang='lat' dir='ltr'>Phaedro</span> <span class='ocrx_word' id='word_1_269' title='bbox 1103 3884 1160 3944; x_wconf 87' lang='lat' dir='ltr'>aut</span> <span class='ocrx_word' id='word_1_270' title='bbox 1192 3881 1367 3945; x_wconf 88' lang='lat' dir='ltr'>noluerunt</span> <span class='ocrx_word' id='word_1_271' title='bbox 1398 3885 1454 3944; x_wconf 89' lang='lat' dir='ltr'>aut</span> 
     </span>
     <span class='ocr_line' id='line_1_36' title="bbox 315 3981 1453 4059; baseline 0 -12"><span class='ocrx_word' id='word_1_272' title='bbox 315 3983 499 4047; x_wconf 90' lang='lat' dir='ltr'>nescierunt</span> <span class='ocrx_word' id='word_1_273' title='bbox 520 3982 568 4046; x_wconf 91' lang='lat' dir='ltr'>uti</span> <span class='ocrx_word' id='word_1_274' title='bbox 584 3982 723 4046; x_wconf 90' lang='lat' dir='ltr'>Bentleii</span> <span class='ocrx_word' id='word_1_275' title='bbox 745 3983 894 4059; x_wconf 73' lang='lat' dir='ltr'>inventis</span> <span class='ocrx_word' id='word_1_276' title='bbox 918 3981 1007 4046; x_wconf 87' lang='lat' dir='ltr'>cuius</span> <span class='ocrx_word' id='word_1_277' title='bbox 1029 3985 1076 4046; x_wconf 89' lang='lat' dir='ltr'>rei</span> <span class='ocrx_word' id='word_1_278' title='bbox 1097 3981 1385 4047; x_wconf 89' lang='lat' dir='ltr'>luculentissimum</span> <span class='ocrx_word' id='word_1_279' title='bbox 1407 3988 1453 4047; x_wconf 91' lang='lat' dir='ltr'>te·</span> 
     </span>
     <span class='ocr_line' id='line_1_37' title="bbox 316 4080 1453 4168; baseline -0.001 -20"><span class='ocrx_word' id='word_1_280' title='bbox 316 4083 504 4148; x_wconf 89' lang='lat' dir='ltr'>stimonium</span> <span class='ocrx_word' id='word_1_281' title='bbox 524 4085 681 4166; x_wconf 87' lang='lat' dir='ltr'>praebent</span> <span class='ocrx_word' id='word_1_282' title='bbox 702 4084 858 4159; x_wconf 83' lang='lat' dir='ltr'>editiones</span> <span class='ocrx_word' id='word_1_283' title='bbox 881 4083 1061 4147; x_wconf 89' lang='lat' dir='ltr'>Burmanni</span> <span class='ocrx_word' id='word_1_284' title='bbox 1084 4087 1116 4146; x_wconf 91' lang='lat' dir='ltr'>et</span> <span class='ocrx_word' id='word_1_285' title='bbox 1137 4080 1305 4166; x_wconf 84' lang='lat' dir='ltr'>Schwabii,</span> <span class='ocrx_word' id='word_1_286' title='bbox 1328 4083 1363 4149; x_wconf 89' lang='lat' dir='ltr'>in</span> <span class='ocrx_word' id='word_1_287' title='bbox 1386 4085 1453 4168; x_wconf 93' lang='lat' dir='ltr'>qui-</span> 
     </span>
     <span class='ocr_line' id='line_1_38' title="bbox 315 4183 1454 4271; baseline -0.002 -22"><span class='ocrx_word' id='word_1_288' title='bbox 315 4187 374 4249; x_wconf 91' lang='lat' dir='ltr'>bus</span> <span class='ocrx_word' id='word_1_289' title='bbox 401 4188 509 4249; x_wconf 88' lang='lat' dir='ltr'>tamen</span> <span class='ocrx_word' id='word_1_290' title='bbox 538 4185 623 4249; x_wconf 88' lang='lat' dir='ltr'>inest</span> <span class='ocrx_word' id='word_1_291' title='bbox 649 4184 738 4271; x_wconf 87' lang='lat' dir='ltr'>larga</span> <span class='ocrx_word' id='word_1_292' title='bbox 766 4185 846 4249; x_wconf 87' lang='lat' dir='ltr'>silva</span> <span class='ocrx_word' id='word_1_293' title='bbox 875 4185 1135 4250; x_wconf 88' lang='lat' dir='ltr'>observationum</span> <span class='ocrx_word' id='word_1_294' title='bbox 1158 4183 1367 4268; x_wconf 89' lang='lat' dir='ltr'>undecunque</span> <span class='ocrx_word' id='word_1_295' title='bbox 1390 4186 1454 4250; x_wconf 92' lang='lat' dir='ltr'>col·</span> 
     </span>
     <span class='ocr_line' id='line_1_39' title="bbox 315 4283 1466 4370; baseline -0.001 -20"><span class='ocrx_word' id='word_1_296' title='bbox 315 4287 479 4369; x_wconf 87' lang='lat' dir='ltr'>lectarum,</span> <span class='ocrx_word' id='word_1_297' title='bbox 503 4307 583 4369; x_wconf 90' lang='lat' dir='ltr'>quae</span> <span class='ocrx_word' id='word_1_298' title='bbox 607 4286 646 4350; x_wconf 88' lang='lat' dir='ltr'>ad</span> <span class='ocrx_word' id='word_1_299' title='bbox 669 4286 867 4352; x_wconf 87' lang='lat' dir='ltr'>emendanda</span> <span class='ocrx_word' id='word_1_300' title='bbox 888 4287 955 4350; x_wconf 87' lang='lat' dir='ltr'>sive</span> <span class='ocrx_word' id='word_1_301' title='bbox 970 4285 1160 4350; x_wconf 86' lang='lat' dir='ltr'>illustranda</span> <span class='ocrx_word' id='word_1_302' title='bbox 1177 4283 1314 4350; x_wconf 91' lang='lat' dir='ltr'>Phaedri</span> <span class='ocrx_word' id='word_1_303' title='bbox 1334 4285 1466 4370; x_wconf 82' lang='lat' dir='ltr'>scripta</span> 
     </span>
     <span class='ocr_line' id='line_1_40' title="bbox 316 4385 1452 4477; baseline 0 -25"><span class='ocrx_word' id='word_1_304' title='bbox 316 4388 507 4477; x_wconf 88' lang='lat' dir='ltr'>pertineant.</span> <span class='ocrx_word' id='word_1_305' title='bbox 553 4385 704 4470; x_wconf 90' lang='lat' dir='ltr'>Bothius,</span> <span class='ocrx_word' id='word_1_306' title='bbox 739 4392 776 4452; x_wconf 90' lang='lat' dir='ltr'>ut</span> <span class='ocrx_word' id='word_1_307' title='bbox 801 4387 961 4474; x_wconf 90' lang='lat' dir='ltr'>plerisque</span> <span class='ocrx_word' id='word_1_308' title='bbox 988 4386 1210 4470; x_wconf 88' lang='lat' dir='ltr'>scriptoribus,</span> <span class='ocrx_word' id='word_1_309' title='bbox 1239 4407 1319 4469; x_wconf 91' lang='lat' dir='ltr'>quos</span> <span class='ocrx_word' id='word_1_310' title='bbox 1345 4385 1452 4472; x_wconf 89' lang='lat' dir='ltr'>edidit,</span> 
     </span>
    </p>
   </div>
   <div class='ocr_carea' id='block_1_5' title="bbox 0 0 1666 5108">
    <p class='ocr_par' dir='ltr' id='par_1_7' title="bbox 0 0 1666 5108">
     <span class='ocr_line' id='line_1_41' title="bbox 0 0 1666 5108; baseline 0 0"><span class='ocrx_word' id='word_1_311' title='bbox 0 0 1666 5108; x_wconf 95' lang='lat' dir='ltr'> </span> 
     </span>
    </p>
   </div>
  </div>
 </body>
</html>
