3298 5110
616 1167 627 1208 =
749 1069 903 1270 usu

707 1340 709 1344 ·
799 1306 831 1404 S

237 1580 240 1586 ,
327 1523 508 1601 Miraberis,
539 1523 639 1586 amice
662 1523 863 1606 suavissime,
894 1523 978 1606 quod
1002 1543 1077 1607 ego,
1107 1545 1202 1606 quem
1225 1529 1328 1589 totum
1352 1529 1384 1588 iu
1423 1593 1427 1611 ἶ

244 1641 344 1706 Nonii
371 1641 494 1726 sylloge
518 1645 706 1724 occupatum
731 1625 953 1723 existimabasJ
980 1642 1086 1705 subito
1114 1644 1325 1726 prompserim
1356 1647 1391 1706 li-

249 1760 367 1823 bellum
391 1760 571 1843 argumenti
594 1781 724 1840 prorsus
746 1759 858 1826 alieni.¹
899 1757 960 1824 Sed
982 1761 1143 1844 profesto,
1166 1765 1202 1826 ut
1224 1762 1269 1825 ait
1290 1761 1390 1825 Phao-

241 1879 318 1940 'drus
339 1881 480 1960 noster,
515 1877 609 1940 debet
638 1877 810 1960 aliquando
842 1877 936 1972 ludus
972 1878 1040 1942 dari
1077 1880 1200 1964 animo,
1234 1880 1272 1944 ad
1305 1883 1390 1964 eogi-

160 1981 163 1990 ¹
242 1995 375 2058 tandum
410 1995 524 2058 melior
557 2000 593 2058 ut
621 1995 730 2059 redeat
757 1997 825 2060 tibi.
876 1995 1034 2079 Equidem
1064 2003 1219 2081 quantum
1247 1998 1317 2062 aliis
1347 2001 1389 2062 sit

248 2135 437 2196 conoessum
470 2118 603 2177 naturae
640 2115 724 2176 dono
762 2115 880 2178 neseio.
938 2114 1040 2178 Nobis
1077 2120 1162 2180 uerte
1199 2139 1257 2199 pro
1294 2118 1388 2180 huius

163 2207 165 2212 ³
203 2213 204 2216 Ἴ
244 2232 401 2296 tenuitate
429 2232 552 2315 ingenii
581 2253 648 2294 non
670 2231 745 2295 lieet
775 2233 947 2315 quotannis
976 2234 1120 2297 emittere
1149 2233 1323 2315 Lucilium,
1354 2242 1389 2296 ut

247 2351 450 2434 negotiorum
485 2349 619 2412 aliorum
658 2371 753 2432 super
786 2351 849 2415 alia
880 2352 1113 2415 cumulatorum
1151 2348 1386 2446 multitudinem

244 2468 385 2560 caelique
402 2467 634 2551 Petropolitani
659 2469 881 2552 intemperiem
903 2492 944 2534 ne
967 2492 1120 2534 accusem.
1159 2471 1266 2535 Habes
1289 2471 1388 2554 igitur

243 2586 402 2660 nonnulla
436 2587 473 2650 de
510 2586 656 2651 Phaedro
691 2580 806 2652 litteris
838 2589 1042 2672 consignata,
1080 2611 1216 2672 quorum
1249 2590 1418 2654 maxima-

243 2727 316 2787 pars
349 2705 429 2768 mihi
463 2707 634 2787 succrevit,
673 2705 748 2768 dum
782 2707 886 2770 hieme
919 2708 1064 2789 proxime
1098 2728 1284 2792 praegressa
1321 2711 1388 2773 eius

244 2822 369 2886 fabulas
398 2821 520 2888 ena‘rro.

327 2941 447 3005 Addita
468 2947 544 3006 sunt
565 2943 750 3026 appendicis
773 2933 876 3007 instar
898 2944 1034 3026 pauoula
1057 2945 1094 3007 de
1117 2944 1252 3016 Avieno

325 3059 443 3123 Totum
466 3064 573 3124 autem
590 3062 778 3144 opuseulum
796 3063 935 3145 exeeptis
957 3063 1132 3146 nonnullis,
1156 3085 1236 3147 quae
1252 3066 1386 3128 subinde

242 3178 351 3260 adieci,
374 3179 462 3261 prius
479 3179 513 3241 in
529 3179 608 3242 actis
624 3181 795 3243 menstruis
811 3179 983 3244 Ministerii
998 3181 1216 3246 Institutionis
1232 3182 1383 3247 Publicae

241 3318 350 3360 mense
384 3295 470 3360 Maio
508 3296 652 3380 prodisse
691 3299 780 3362 seito.
829 3299 946 3362 Insunt
978 3300 1012 3362 in
1046 3321 1082 3364 eo
1120 3300 1273 3383 quaedam
1310 3308 1384 3365 notu

244 3414 438 3500 pridem'ao
472 3416 618 3499 vulgata:
655 3437 714 3480 neo
751 3421 859 3480 tamen
892 3417 1023 3500 despero
1057 3419 1126 3482 fore
1159 3423 1195 3482 ut
1226 3419 1386 3502 plerisque

243 3532 343 3616 digna
365 3534 500 3616 cognitu·
519 3555 579 3597 neo
600 3555 759 3598 novorum
782 3557 893 3618 expers
917 3536 1122 3600 inventorum
1145 3537 1290 3600 videatur
1312 3560 1385 3602 eura

242 3655 361 3715 nostra.
405 3652 546 3735 inqua,
577 3656 614 3717 ut
640 3651 723 3716 nihil
753 3654 854 3736 aliud,
888 3659 972 3718 certe
996 3641 1201 3737 brevitatem,
1241 3657 1383 3730 Phaedri

242 3769 374 3852 dequo
404 3771 607 3852 potissimum
635 3771 755 3854 agitur,
773 3771 869 3853 ,haud
898 3773 1083 3836 dissimilem
1114 3775 1315 3856 approbabis.

759 3889 856 3954 Vale!

444 4031 524 4139 Dal).
554 4074 760 4158 Petropoli

325 4192 397 4257 Kal.
421 4193 522 4257 Iuniis
545 4217 572 4258 a.
596 4193 892 4264 MDCOGLXXIV.
