3298 5110
768 273 976 336 „13„

173 459 179 478 ι
302 424 370 508 bus,
394 443 474 508 quae
496 424 586 489 libris
608 425 786 489 Pithoeano
810 447 846 489 ac
868 424 1020 489 Remensi
1048 425 1098 488 rel
1119 423 1287 488 Perottino
1317 427 1443 488 servata

303 530 394 609 sunt,
424 526 534 590 ductas
557 547 624 590 esse
647 531 696 590 sat
717 530 809 590 const
829 529 852 590 t.
897 525 940 590 Et
961 526 1139 590 notandum
1164 525 1283 590 librum
1304 525 1443 589 Phaedri

302 627 469 711 aliquanto
492 627 618 710 saepius
640 627 818 691 adhibitum
842 627 956 711 quovis
983 625 1189 709 reliquorum.
1234 625 1354 690 Contra
1376 649 1442 691 non

303 732 388 793 recte
411 727 545 792 credidit
567 727 705 792 Rothius
727 727 819 792 Rom.
843 727 937 811 1v‚9
960 727 1091 791 ductum
1113 750 1150 792 ex
1173 727 1312 792 Phaedri
1332 727 1389 802 IV,
1404 728 1442 810 4,

303 851 378 894 nam
416 829 602 913 paraphrasi
644 852 792 914 expressa
829 833 877 894 est
908 830 1032 911 fabula,
1070 851 1150 912 quae
1182 830 1314 912 propius
1346 830 1443 913 longe

301 953 397 1016 quam
420 930 559 995 Phaedri
580 930 744 995 accederet
765 930 804 995 ad
828 930 1008 1013 exemplum
1037 929 1212 1008 Graecum,
1236 929 1321 1014 quod
1344 930 1441 993 habes

302 1033 337 1096 in
359 1033 488 1114 Aesopo
512 1031 633 1095 Halmii
656 1055 680 1094 s.
704 1055 735 1095 1.
754 1032 823 1115 175,
842 1032 891 1096 76.
915 1030 1028 1114 Neque
1051 1030 1141 1094 Rom.
1163 1031 1190 1113 I,
1207 1032 1243 1114 4,
1266 1031 1325 1112 IV,
1344 1032 1383 1094 10
1405 1053 1443 1094 ex

301 1133 439 1198 Phaedri
461 1131 491 1214 Ι,
518 1133 571 1215 17,
594 1132 625 1214 Ι,
652 1135 687 1195 11
716 1131 810 1196 ducta
832 1133 1020 1196 existimem.
1067 1131 1176 1196 Sciens
1200 1127 1306 1195 autem
1330 1133 1442 1196 omitto

301 1235 423 1299 leviora
455 1232 610 1314 quaedam
645 1234 829 1298 discrimina
859 1255 940 1317 quae
967 1233 1052 1298 inter
1079 1231 1260 1296 Phaedrum
1291 1237 1324 1296 61
1351 1255 1443 1316 para·

301 1335 455 1418 phrasten
475 1334 687 1398 intercedunt.
731 1334 820 1398 Haec
850 1335 935 1398 enim
963 1338 1139 1418 potuerunt
1167 1333 1258 1417 oriri,
1286 1335 1362 1417 quia
1388 1337 1442 1397 aut

302 1436 412 1520 augeri
436 1435 650 1518 explicarique
672 1436 770 1500 vellet
792 1457 872 1518 quae
895 1437 1048 1521 leguntur
1069 1435 1153 1518 apud
1172 1433 1365 1518 Phaedrum,
1388 1437 1445 1498 aut

304 1558 416 1600 sensus
438 1536 532 1600 huius
553 1558 667 1619 parum
689 1537 906 1621 intellegeret,
935 1540 992 1600 aut
1013 1540 1050 1600 ut
1071 1557 1272 1621 paganorum
1294 1534 1444 1620 supersti-

301 1637 403 1701 tionis
425 1637 560 1721 vestigia
581 1637 711 1701 tolleret
732 1639 802 1703 sive
815 1638 992 1702 sententiae
1008 1637 1131 1720 morali,
1155 1659 1250 1721 quam
1272 1637 1340 1720 ipse
1363 1637 1444 1719 opti-

301 1760 385 1802 mam
414 1738 600 1820 iudioasset,
629 1738 795 1821 adaptaret
821 1740 963 1803 fabulam
990 1739 1197 1822 propositam.
1241 1738 1291 1802 Ex
1313 1738 1440 1815 fabulis,

302 1862 437 1924 quarum
459 1839 565 1903 fontes
587 1861 655 1903 non
678 1844 796 1922 extant,
819 1839 905 1904 haud
928 1840 1022 1904 dubie
1043 1862 1117 1922 pars
1140 1843 1267 1922 sumpta
1291 1839 1328 1902 de
1344 1838 1443 1902 Phae-

302 1941 350 2004 dri
373 1940 547 2024 exemplari
569 1941 730 2023 pleniore3
754 1941 787 2004 id
810 1942 894 2025 quod
916 1941 988 2024 ipsa
1004 1962 1071 2004 non
1093 1962 1165 2004 raro
1190 1940 1312 2003 indicat
1334 1940 1441 2003 dictio.

300 2042 370 2106 lam
403 2063 587 2126 quanquam
610 2041 741 2106 difficile
763 2046 870 2126 potest
891 2042 1073 2125 diiudicari,
1103 2062 1185 2124 quae
1208 2062 1247 2104 ex
1268 2040 1329 2104 hoc
1351 2039 1442 2104 fonte

302 2144 414 2208 ductae
432 2143 507 2225 sint,
530 2164 612 2226 quae
635 2143 773 2226 aliunde,
796 2147 904 2207 tamen
927 2143 1068 2207 breviter
1089 2143 1248 2226 indicabo,
1271 2149 1303 2204 in
1326 2142 1441 2225 quibus

301 2245 504 2328 potissimum
532 2243 671 2307 Phaedri
699 2245 816 2308 indolis
847 2245 982 2328 vestigia
1015 2265 1187 2328 agnoscere
1216 2243 1297 2307 mihi
1324 2242 1442 2307 videar.

301 2345 384 2410 Sunt
405 2345 505 2429 igitur
526 2344 597 2427 hae,
620 2345 737 2409 diversi
759 2368 835 2409 sane
857 2349 890 2410 et
911 2347 998 2429 ipsae
1020 2346 1129 2428 pretii:
1155 2344 1249 2410 Rom.
1272 2345 1298 2427 I,
1323 2346 1359 2426 3,
1384 2345 1439 2426 12,

202 2505 207 2510 ,
303 2445 597 2530 16,17,18,19,
634 2445 674 2524 ΙΙ,
699 2448 733 2529 9,
760 2447 814 2528 10,
847 2446 905 2529 ΠΙ,
932 2449 965 2528 1,
988 2449 1026 2528 4,
1049 2449 1084 2529 5,
1117 2448 1171 2529 13,
1204 2447 1260 2529 14,
1294 2446 1349 2528 16,
1382 2443 1440 2526 IV,

301 2548 337 2632 8,
359 2547 416 2630 203
440 2567 535 2611 anon.
560 2546 731 2611 Wissemb.
755 2547 795 2630 V,
819 2548 855 2627 9,
879 2569 975 2615 anon.
997 2546 1121 2613 Nilant.
1144 2548 1201 2630 34;
1224 2547 1281 2630 36,
1304 2546 1356 2611 58.

386 2651 493 2731 Atque
511 2647 589 2712 adeo
605 2649 700 2712 unius
716 2671 753 2712 ex
769 2649 834 2713 illis
850 2651 905 2732 qui
927 2646 1026 2713 fuerit
1048 2649 1125 2712 olim
1147 2649 1236 2712 locus
1259 2649 1292 2711 in
1315 2648 1442 2732 integro

302 2749 475 2832 exemplari
504 2749 641 2813 Phaedri
669 2749 781 2814 videor
812 2751 892 2814 mihi
925 2773 1019 2834 posse
1048 2751 1274 2814 demonstrare.
1319 2749 1443 2832 Nempe

303 2849 388 2934 quod
409 2849 513 2914 fertur
534 2850 754 2934 promythium
777 2872 873 2915 earm.
901 2853 939 2917 13
961 2852 982 2916 l.
1004 2850 1067 2915 IV:

521 2967 617 3022 utilius
634 2968 741 3022 homini
758 2968 830 3022 nihil
848 2972 994 3049 estquam
1012 2970 1088 3023 16616
1106 2969 1197 3037 loqui:

466 3061 468 3066 '
522 3052 668 3120 probanda
686 3052 793 3106 cunetis
812 3055 855 3106 est
872 3053 986 3121 quidem
1005 3054 1152 3120 sententia,

522 3135 571 3189 sed
589 3135 625 3190 ad
643 3136 798 3204 perniciem
816 3137 888 3190 solet
905 3137 951 3208 agi
969 3137 1127 3202 sinceritas3

303 3260 437 3340 apparet
458 3254 548 3319 nullo
570 3254 666 3318 modo
688 3255 849 3338 pertinere
873 3256 913 3319 ad
934 3255 1076 3320 fabulam
1100 3259 1137 3319 de
1162 3256 1255 3320 leone
1278 3260 1443 3340 regnante,
1500 3315 1502 3318 .

302 3357 392 3420 cuius
414 3361 639 3440 argumentum
662 3357 779 3420 rectius
801 3357 903 3421 multo
933 3357 1035 3421 fertur
1062 3358 1146 3441 apud
1168 3357 1341 3421 Romulum
1363 3356 1443 3421 tale:

305 3457 442 3542 (verum)
467 3462 496 3521 61
516 3458 601 3538 loqui
617 3477 723 3538 poena
746 3463 838 3522 estet
860 3463 959 3523 locere
981 3463 1167 3522 tormentum
1190 3457 1443 3540 (coram-poten-

301 3558 412 3641 tibus).
456 3557 500 3621 Ε1
520 3556 710 3640 perstrinxit
731 3557 896 3623 Phaedrus
918 3561 1027 3641 aperte
1057 3558 1230 3622 aulicorum
1255 3558 1339 3622 vitae
1361 3559 1443 3640 peri-

228 3685 230 3689 ·
301 3660 380 3723 cula.
405 3698 442 3706 —
473 3657 593 3723 Contra
614 3681 724 3723 versus
746 3660 810 3743 illi,
840 3682 920 3744 quos
943 3681 1040 3743 supra
1061 3658 1224 3743 adscripsi,
1248 3659 1325 3742 quin
1348 3659 1444 3742 aptis-

301 3761 379 3823 sime
411 3765 653 3843 praeponantur
685 3759 812 3825 fabulae
847 3759 885 3824 de
918 3761 1103 3825 hominihus
1137 3759 1243 3824 fallaci
1278 3763 1310 3824 et
1338 3761 1442 3824 veraci

301 3882 408 3924 coram
430 3861 592 3925 simiarum
615 3882 691 3946 rege
719 3863 816 3926 verba
844 3862 1036 3926 facientibus
1060 3861 1166 3944 (Rom.
1189 3861 1246 3943 IV,
1269 3861 1317 3945 8),
1347 3883 1442 3925 nemo

302 3965 381 4044 puto
405 3960 572 4030 dubitabit.
598 4002 635 4010 —
666 3962 814 4027 Ceterum
841 3964 1050 4047 promythion
1077 3962 1158 4027 illud
1187 3963 1251 4026 iam
1280 3963 1356 4026 olim
1384 3984 1442 4027 suo

301 4084 340 4125 ex
361 4063 432 4126 loco
455 4053 644 4128 translatum
667 4063 701 4127 in
724 4064 865 4128 alienum
887 4069 1019 4148 apparet
1041 4086 1079 4128 ex
1102 4064 1158 4146 eie,
1181 4085 1261 4147 quae
1283 4065 1319 4128 in
1336 4065 1442 4130 codice

303 4161 597 4248 Wissemburgensi
620 4171 792 4246 praemissa
814 4169 889 4230 sunt
910 4165 1038 4230 fabulae
1061 4165 1098 4229 de
1121 4166 1222 4229 leone.

386 4263 516 4328 Ceteras
537 4265 663 4329 fabulas
685 4267 761 4349 qnia
783 4270 838 4330 aut
853 4267 981 4350 ineptae
995 4267 1046 4330 vel
1063 4267 1204 4330 elumbes
1219 4270 1274 4330 aut
1289 4267 1442 4330 verbosae

301 4364 397 4446 nimis
420 4369 475 4428 aut
496 4367 588 4428 fictae
611 4388 721 4447 parum
747 4388 898 4449 prospere
921 4390 958 4431 ex
982 4367 1052 4430 aliis
1075 4367 1232 4447 videntur,
1256 4391 1274 4430 a
1297 4367 1442 4430 Phaedro
