3298 5110
747 329 956 393 ...30-

366 479 463 546 Recte
486 481 695 545 instituerunt
717 503 784 545 rem
806 481 905 564 docti,
937 485 1022 565 quod
1044 483 1104 546 hos
1127 505 1236 546 versus
1258 483 1314 566 qui
1336 483 1419 566 apud

281 581 449 646 Perottum
471 583 594 665 proprii
617 584 692 646 sunt
713 582 815 646 instar
836 583 986 647 carminis
1015 583 1217 667 praecedenti
1239 583 1381 664 fabulae,
1404 605 1423 648 a

283 703 347 766 qua
379 685 536 766 poematis
571 684 789 767 compluribus
822 688 897 748 sunt
929 685 1082 768 separati,
1120 683 1289 768 epimythii
1323 685 1423 749 instar

284 785 468 849 iunxerunt,
506 783 717 850 Scribendum
745 789 853 850 tamen
883 807 955 850 curn
979 785 1098 850 Bothio
1120 788 1212 868 oilie,
1241 787 1262 850 i.
1286 807 1312 850 e.
1335 807 1422 850 noxa

283 885 442 950 siveram
463 905 558 970 aoso,
582 886 665 970 qnod
688 887 848 970 pertineat
862 887 902 950 ad
916 889 1083 965 simulata·
1106 908 1289 971 quanquam
1314 887 1421 950 nescio

283 1011 324 1051 an
345 988 464 1052 rectius
486 991 661 1071 reponatur
682 990 774 1052 initio
780 1013 791 1066 ;
813 989 864 1051 cui
880 988 1051 1071 respondet
1066 989 1151 1072 quod
1166 989 1313 1072 proximo
1329 1010 1420 1052 versu

282 1089 400 1173 legitur
422 1095 555 1172 ternpore
576 1091 651 1172 ipso.

368 1224 448 1288 Ibid.
472 1225 502 1308 9,
527 1227 543 1288 l
567 1247 651 1309 sqq:

485 1393 548 1430 eum
566 1376 726 1430 castitatem
744 1376 812 1431 luno
830 1377 962 1432 laudaret
979 1393 1067 1443 suam,

482 1461 665 1518 iucunditatis
684 1478 796 1516 oausam
814 1477 870 1514 non
889 1463 996 1531 sprevit
1013 1461 1116 1526 Venus,

485 1545 649 1613 nullamque
668 1547 701 1598 ut
718 1544 880 1598 affirmaret·
890 1562 949 1599 esse
968 1546 1010 1599 illi
1027 1561 1134 1614 parem,

485 1629 673 1698 interrogasse
692 1629 730 1682 sie
751 1629 887 1698 gallinam
906 1631 1018 1685 dicitur.

277 1793 279 1796 ’
369 1781 459 1847 Perit
480 1783 584 1847 omnis
606 1781 696 1866 lepos
717 1783 813 1847 huius
835 1783 985 1862 fabellae,
1012 1783 1075 1847 nisi
1097 1783 1260 1866 scripseris
1281 1785 1344 1865 ipsi
1366 1786 1423 1848 irn-

284 1903 407 1964 parem.
454 1883 578 1966 Nempe
606 1885 637 1946 id
665 1884 769 1948 voluit
796 1885 931 1966 probare
954 1883 1080 1968 VenuS,
1113 1884 1235 1948 nullam
1261 1885 1422 1968 feminam,

285 2005 326 2046 ne
354 1984 511 2048 lunonem
541 1983 685 2068 quidem,
718 1987 820 2068 magis
848 2006 916 2049 esse
943 1990 1061 2053 castam
1094 1989 1194 2049 semet
1226 1986 1308 2068 ipsa,
1341 2007 1422 2070 quae

282 2092 414 2171 propter
441 2108 567 2150 morum
588 2085 753 2152 levitatem
775 2087 858 2151 male
880 2087 1013 2151 audiret.
1058 2087 1127 2166 Sibi
1149 2088 1302 2169 imparem
1326 2087 1421 2150 scribi

283 2189 386 2253 voluit
408 2187 555 2252 Orellius

365 2341 446 2406 uia
471 2341 522 2423 13,
546 2341 574 2423 1,
596 2341 631 2405 a:

484 2507 536 2560 per
553 2491 662 2561 aliquot
679 2508 766 2546 annos
784 2493 923 2561 quaedam
942 2492 1077 2546 dilectum
1095 2493 1185 2545 virum

485 2575 579 2630 amisit
597 2577 627 2629 et
644 2577 816 2646 sarcophago
836 2593 936 2645 corpus
953 2575 1087 2630 condidit.

364 2730 449 2794 Illud
468 2750 528 2812 per
555 2731 676 2810 aliquot
704 2749 820 2812 aanor,
853 2729 939 2813 quod
966 2729 1164 2815 iungendum
1192 2733 1241 2793 est
1267 2751 1340 2794 cum
1369 2731 1417 2796 di-

281 2833 389 2896 lectum
411 2833 526 2909 ciram,
549 2830 629 2893 mihi
651 2829 780 2912 quidem
801 2830 934 2895 mirifice
956 2830 1116 2914 displicet,
1139 2851 1211 2895 cum
1234 2834 1266 2895 et
1288 2832 1421 2894 omnino

280 2933 357 2996 satis
379 2932 488 3014 inepte
510 2929 645 3011 dicatur,
669 2952 804 3014 cumque
826 2931 924 2996 faciat
945 2931 986 2995 ad
1001 2932 1103 2996 scelus
1119 2932 1270 3016 mulieris,
1296 2934 1334 2996 de
1358 2953 1421 3015 quo

281 3032 394 3097 deinde
417 3032 534 3117 agitur,
558 3034 666 3115 potius
682 3033 896 3098 excusandum
913 3055 1008 3117 quam
1024 3034 1274 3118 aggravandum.
1309 3033 1422 3116 Itaque

282 3134 419 3199 Bothius
449 3134 586 3198 coniecit
613 3134 815 3198 scribendum
849 3155 917 3198 esse
946 3140 1019 3199 orate
1048 3135 1168 3216 aliquot
1195 3155 1310 3217 uarice,
1346 3133 1422 3197 satis

281 3236 410 3319 quidem
432 3234 593 3300 audacter.
638 3227 700 3300 Sed
728 3233 893 3319 aliquanto
922 3235 1057 3300 similius
1086 3236 1154 3300 veri
1177 3235 1238 3300 erit
1259 3235 1421 3318 scripsisse

282 3341 412 3420 poetam
429 3342 501 3419 posi
523 3338 642 3417 aliquot
663 3356 772 3400 canoa
810 3335 933 3400 Notum
956 3341 1005 3403 est
1026 3338 1061 3401 in
1076 3337 1237 3401 codicibus
1259 3336 1368 3400 latinis
1391 3340 1424 3399 et

275 3460 336 3522 per
358 3443 391 3502 et
406 3442 479 3520 post
500 3436 596 3501 scribi
617 3436 805 3520 plerumque
824 3459 882 3520 per
897 3437 1132 3521 compendium,
1157 3442 1192 3501 ut
1201 3458 1261 3520 per
1275 3436 1424 3501 reddatur

281 3561 305 3621 p
327 3539 436 3621 litera,
466 3537 555 3601 cuius
577 3559 651 3621 pars
673 3537 807 3601 inferior
829 3537 948 3602 lineola
972 3540 1014 3602 sit
1035 3540 1203 3621 transfixa,
1221 3543 1295 3620 post
1315 3536 1424 3600 eadem

284 3663 356 3706 cum
378 3639 486 3704 addita
508 3660 603 3722 supra
626 3638 833 3722 apostrophe.
871 3637 996 3713 Quare
1019 3643 1067 3703 est
1089 3639 1244 3722 effectum,
1268 3644 1305 3703 ut
1326 3659 1420 3722 saepe

281 3743 341 3805 hae
369 3740 623 3823 praepositiones
655 3738 930 3804 confunderentur
963 3763 982 3804 a
1012 3740 1163 3804 librariis.
1215 3739 1321 3803 Verba
1348 3744 1421 3822 posi

281 3844 402 3923 aliquot
422 3862 524 3906 annos
546 3841 709 3926 iungenda
730 3844 806 3906 sunt
826 3861 899 3905 cum
922 3844 1044 3920 amisit;
1072 3843 1215 3907 dilectum
1242 3843 1347 3905 viram
1375 3841 1421 3904 di-

282 3944 363 4008 eitur
385 3946 422 4006 ut
442 3941 500 4025 111,
525 3943 574 4025 10,
597 3943 631 4006 9:
655 3943 791 4007 moritus
813 3943 944 4023 quidam
965 3964 1036 4008 eam
1057 3943 1198 4024 dilipcret
1219 3943 1387 4023 coniugem.

368 4077 449 4142 Ibid.
476 4078 523 4157 16,
548 4079 581 4142 6:

535 4214 685 4282 postquam
703 4214 808 4269 esurire
826 4213 921 4285 coepit
938 4213 998 4269 fera
1016 4212 1141 4268 societas.

367 4333 503 4399 Labanti
526 4337 629 4398 metro
652 4337 688 4397 ut
709 4339 939 4418 succurrerent,
960 4333 1158 4417 seripserunt
1177 4332 1322 4396 homines
1338 4332 1422 4396 docti

281 4459 376 4503 socen
397 4439 542 4519 societas
571 4457 675 4518 neque
698 4435 735 4499 id
763 4436 845 4500 male
877 4440 1003 4517 (eontra
1030 4436 1084 4499 alii
1108 4456 1273 4517 perperam
1295 4435 1424 4498 societas
