3298 5110
698 326 880 387 ..7-

216 481 400 562 inleriores,
428 499 532 560 neque
555 479 662 540 tamen
685 477 924 561 improbandae.
971 477 1107 541 Restant
1128 477 1284 560 quaedam
1307 481 1363 542 aut

217 585 392 646 obscaenae
426 583 483 643 aut
515 578 678 662 inficetas,
710 600 792 661 quae
825 577 918 642 facile
951 582 1106 662 poterunt
1134 579 1255 662 omitti,
1290 601 1362 643 cum

217 683 394 748 carminum
431 680 565 764 cognitu
600 679 772 764 dignorum
805 680 882 744 satis
914 680 1038 764 amplus
1071 683 1174 744 exstet
1200 702 1360 748 numerus

218 784 366 874 Ceterum
386 782 530 846 feliciore
547 803 643 864 quam
658 781 736 846 alibi
751 803 834 846 vena
855 782 981 864 poetica
1002 780 1037 846 in
1059 781 1163 865 primo
1186 782 1269 847 libro
1292 781 1362 867 (qui

219 887 314 950 etiam
340 885 496 964 brevitate
524 883 581 947 illa
610 905 706 967 quam
731 885 826 948 toties
854 883 952 952 iactat
975 887 1070 966 po'e'ta
1093 884 1196 967 magis
1218 887 1362 948 1111111-

218 989 346 1071 spicuus
369 1009 465 1070 quam
488 986 602 1071 ceteri)
625 1007 719 1048 usum
742 1007 809 1049 esse
832 983 1013 1049 Phaedrum
1035 988 1177 1068 apparet.

302 1087 491 1171 Promythia
512 1087 579 1152 sive
598 1085 779 1177 epimythia
800 1086 982 1151 fabularum
1005 1085 1142 1150 Phaedri
1165 1087 1362 1170 suspiciones

219 1191 399 1256 excitarunt
421 1189 603 1253 criticorum
627 1188 714 1251 haud
744 1188 839 1252 leves.
883 1187 927 1254 111
947 1187 1114 1252 fatendum
1137 1208 1203 1251 non
1225 1188 1363 1252 multum

218 1293 285 1356 eius
307 1292 485 1356 carminum
508 1290 595 1354 laudi
619 1290 829 1373 decessurum,
853 1289 992 1373 plurima
1007 1289 1058 1353 vel
1073 1288 1181 1352 omnia
1196 1291 1225 1353 si
1247 1289 1362 1355 tollan-

217 1398 278 1458 tur.
324 1392 447 1458 Tamen
470 1393 505 1455 in
528 1391 667 1455 dictione
691 1395 746 1454 aut
767 1395 869 1455 metro
892 1390 1092 1474 paucissimis
1115 1391 1256 1474 exceptis
1278 1391 1362 1458 nihil

218 1499 276 1574 est,
300 1495 385 1579 quod
407 1493 590 1558 Phaedrum
612 1494 776 1557 auctorem
798 1494 951 1576 abneget,
981 1496 1013 1555 et
1035 1495 1071 1555 ut
1093 1492 1177 1556 sicca
1198 1513 1362 1576 persaepe,
1399 1479 1401 1482 ⁵

217 1598 263 1661 ita
284 1618 357 1661 raro
380 1594 551 1660 admodum
574 1599 649 1658 111111
671 1595 789 1677 inepta.
826 1593 931 1678 Igitur
953 1593 1141 1677 plerumque
1164 1592 1304 1658 adducor
1325 1598 1363 1658 ut

218 1697 344 1762 credam
361 1719 427 1760 esse
444 1718 481 1760 ea
495 1700 622 1780 praeter
644 1695 782 1778 paucula
794 1695 895 1779 ipsius
909 1694 1057 1775 Phaedri,
1081 1694 1133 1759 cui
1155 1716 1211 1759 cur
1232 1693 1363 1759 adderet

218 1799 380 1884 duplicem
403 1799 552 1862 existimo
575 1797 673 1860 fuisse
702 1818 844 1875 causam,
873 1797 1013 1880 primum
1041 1796 1159 1860 iudicia
1181 1797 1361 1880 aequalium

218 1901 402 1967 criticorum
431 1899 470 1964 de
498 1898 677 1963 rationibus
705 1898 773 1982 logi
794 1898 950 1981 Aesopei,
980 1897 1093 1961 deinde
1116 1898 1245 1962 Horatii
1272 1920 1360 1980 prae·

218 2006 359 2086 ceptum,
391 2023 455 2084 quo
482 2000 635 2065 asseritur
657 2021 751 2064 omne
773 1999 886 2063 tulisse
908 2003 1065 2082 punctum
1088 2020 1175 2083 eum,
1205 2000 1260 2083 qui
1282 2000 1361 2064 utile

218 2104 302 2168 dulci
316 2103 474 2169 misceret.
509 2100 650 2166 Omnino
666 2102 744 2166 artis
766 2101 910 2184 poeticae
926 2101 1031 2165 Flacci
1053 2100 1173 2184 placita
1194 2101 1360 2184 aliquanto

218 2205 319 2290 magis
353 2226 448 2288 quam
482 2202 621 2268 creditur
654 2201 751 2286 vulgo
784 2201 874 2266 fuere
908 2201 1076 2266 observata
1107 2202 1205 2285 primi
1231 2225 1262 2286 p.
1286 2201 1361 2267 Chr.

219 2307 334 2371 saeculi
357 2305 462 2389 poetis
485 2304 619 2382 Latinis
1114 2303 1115 2306 ’
1181 2359 1184 2364 ,

301 2405 389 2470 Haec
410 2406 482 2470 ideo
504 2406 650 2489 pluribus
680 2404 869 2488 exponenda
897 2404 1022 2489 censui,
1052 2405 1127 2488 quia
1155 2408 1192 2468 ut
1220 2403 1297 2468 olim
1326 2405 1361 2468 in

218 2508 441 2592 admiratione,
464 2508 510 2571 ita
531 2507 627 2572 hodie
650 2507 685 2572 in
707 2508 894 2591 contemptu
916 2505 1011 2570 huius
1033 2509 1147 2590 poetae
1169 2506 1264 2571 multi
1286 2509 1362 2570 sunt

218 2611 325 2693 nimii,
361 2609 394 2674 id
427 2608 513 2693 quod
539 2609 575 2673 in
607 2609 769 2692 plerisque
796 2610 978 2673 auctoribus
1011 2608 1120 2673 latinis
1153 2607 1360 2674 aestimandis

218 2712 333 2776 evenit.

302 2813 441 2876 Phaedri
474 2813 655 2876 fabularum
688 2811 786 2877 fuisse
818 2811 959 2895 quinque
992 2811 1108 2896 libros,
1141 2833 1209 2876 non
1242 2811 1359 2895 plures,

218 2915 351 2994 Aviani,
380 2915 436 2997 qui
463 2914 604 3000 elegiaco
632 2915 735 2976 metro
759 2913 856 2977 etiam
878 2914 1069 2997 conscripsit
1090 2912 1216 2978 fabulas
1243 2912 1360 2977 latinas

218 3017 369 3081 docemur
394 3016 568 3097 prooemio.
613 3015 727 3098 Neque
756 3015 925 3098 quisquam
953 3016 1034 3079 alius
1062 3019 1207 3080 veterum
1235 3019 1361 3098 praeter

197 3117 398 3202 ¹Martialem
427 3117 541 3200 (epigr.
563 3115 627 3199 III,
650 3117 705 3200 20,
728 3117 763 3198 5)
796 3117 863 3180 eius
891 3117 1046 3181 meminit.
1093 3117 1137 3179 At
1164 3115 1261 3180 medii
1290 3117 1361 3179 aevi

218 3218 381 3284 communi
414 3239 474 3280 usu
508 3238 575 3281 non
603 3217 691 3301 ipsae
719 3217 846 3281 fabulae
875 3217 1027 3299 Phaedri,
1063 3217 1118 3281 sed
1149 3217 1360 3301 paraphrases

218 3319 358 3404 pedestri
386 3340 532 3382 sermone
561 3341 599 3382 ex
626 3318 771 3402 pleniore
799 3341 908 3384 earum
938 3318 1045 3384 codiee
1073 3319 1185 3383 ductae
1214 3317 1361 3382 solebant

218 3422 289 3506 teri,
313 3421 350 3484 de
374 3422 489 3503 quibus
510 3425 622 3504 postea
644 3442 716 3484 cum
739 3441 814 3484 cura
836 3421 967 3485 dicetur.
1199 3411 1202 3416 ¹

301 3521 387 3587 Nam
408 3543 449 3586 ne
471 3544 592 3586 nomen
614 3522 742 3606 quidem
758 3523 825 3586 eius
841 3524 880 3586 ab
896 3523 1016 3586 Aviani
1038 3520 1112 3586 inde
1134 3524 1238 3585 aetate
1260 3541 1360 3604 usquc

222 3624 261 3688 ad
283 3624 406 3688 Perotti
429 3646 580 3707 umquam
602 3629 806 3689 memoratur.

303 3725 455 3790 Similiter
480 3726 610 3790 Graecis
633 3727 745 3792 aetatis
768 3727 909 3791 eiusdem
930 3748 998 3789 non
1023 3729 1089 3788 tam
1117 3723 1216 3807 ipsius
1240 3723 1359 3808 Babrii,

218 3831 332 3911 poetae
356 3826 557 3910 lepidissimi,
586 3827 709 3892 fabulas
732 3828 787 3892 sed
809 3849 918 3892 earum
941 3827 1046 3892 varias
1069 3825 1227 3890 variorum
1253 3828 1360 3890 aucto·

219 3951 291 3992 rum
313 3930 524 4012 paraphrases
547 3951 613 3993 esse
635 3929 794 3994 lectitatas
817 3930 892 3993 satis
915 3933 1037 3994 notum.

303 4033 349 4094 At
377 4030 503 4094 saeculo
526 4029 588 4095 XV
611 4031 715 4096 medio
743 4031 809 4096 fere
831 4029 985 4096 Nicolaus
1007 4029 1157 4095 Perottus
1184 4050 1223 4093 ex
1252 4027 1359 4094 codice

221 4132 360 4216 quodam
381 4133 495 4196 Italico
517 4133 652 4215 triginta
674 4133 751 4196 duas
774 4133 932 4213 excerpsit
953 4132 1078 4196 fabulas
1101 4130 1253 4212 Phaedri,
1279 4151 1359 4212 quae

220 4234 317 4298 etiam
350 4234 385 4296 in
417 4232 506 4296 libris
535 4232 668 4298 Gallicis
694 4235 834 4298 auctoris
861 4233 957 4298 huius
984 4233 1145 4318 leguntur.
1191 4231 1359 4296 Praeterea

219 4335 305 4400 idem
327 4334 463 4418 triginta
484 4356 582 4398 unam
604 4335 655 4399 vel
676 4336 784 4419 potius
812 4335 947 4420 triginta
977 4334 1102 4398 fabulas
1129 4337 1161 4398 et
1184 4334 1358 4417 epilogum,

220 4437 329 4504 omnia
344 4437 477 4502 senariis
492 4439 670 4522 perscripta
690 4437 835 4503 iambicis
857 4437 1025 4524 prompsit,
1048 4457 1129 4523 quae
1152 4457 1219 4502 non
1240 4435 1358 4504 haben·
