3298 5110
754 285 941 346 „qm

277 434 331 500 alii
359 438 473 520 potitae
503 439 624 506 veteres
658 435 698 500 ab
725 437 867 501 Homero
900 436 976 500 inde
1009 442 1085 500 sunt
1117 437 1166 501 usi
1201 437 1255 500 sed
1286 439 1418 517 minore,

277 559 372 620 quam
395 534 574 620 PhaedruS,
604 537 822 620 exemplorum
845 541 878 601 et
903 537 1085 621 frequentia
1107 542 1140 602 et
1161 539 1306 624 audacia)
1335 543 1420 604 recte

277 637 488 721 explicarunt,
517 639 571 722 qui
594 638 745 723 dicerent,
771 661 843 704 cum
865 637 1029 703 Phaedrus
1051 639 1178 704 fabulas
1200 661 1273 703 suas
1294 641 1420 724 potissi-

279 761 367 804 mum
383 733 579 825 castigandis
593 741 852 824 corrigendisque
867 741 1009 804 moribus
1031 741 1200 806 hominum
1223 741 1419 820 destinasset,

275 862 430 924 personas
451 841 553 924 ipsius
575 841 628 904 vix
651 841 747 920 aliud,
771 864 867 926 quam
889 842 1123 907 abstractarum
1145 844 1248 907 instar
1270 865 1348 908 esse.

359 941 479 1026 Magna
510 943 606 1008 etiam
640 943 733 1006 laude
761 942 930 1008 afficienda
959 947 1008 1007 est
1034 967 1084 1008 ars
1112 945 1244 1008 metrica
1271 942 1420 1028 Phaedri,

275 1066 371 1127 quam
392 1047 501 1108 tamen
522 1046 560 1108 ut
581 1048 666 1109 recte
688 1045 855 1129 percipias
880 1048 936 1108 aut
949 1043 1079 1110 Bentlei
1102 1045 1241 1110 editione
1264 1046 1419 1110 utendum

275 1147 323 1208 est
344 1146 401 1208 aut
415 1165 495 1208 mea.
533 1144 639 1210 Ceteri
661 1147 747 1210 enim
771 1167 881 1211 omnes
903 1168 961 1230 per
982 1146 1143 1212 inscitiam
1165 1147 1420 1232 neglegentiam-

274 1267 335 1329 que
371 1246 516 1311 codicum
552 1247 724 1331 scripturas
758 1251 861 1312 metro
895 1248 1098 1314 adversantes
1127 1271 1195 1313 non
1227 1248 1323 1313 modo
1352 1271 1420 1314 non

275 1347 466 1430 expulerunt
487 1349 543 1413 sed
564 1350 658 1414 novis
680 1349 813 1434 insuper
834 1350 1039 1415 cumularunt
1061 1351 1233 1415 erroribus.

358 1447 433 1531 Vna
461 1450 590 1534 quidem
618 1471 652 1514 re
674 1450 813 1516 multum
835 1452 987 1516 differunt
1008 1450 1148 1516 Phaedri
1169 1451 1268 1516 iambi
1291 1453 1330 1516 ab
1354 1452 1420 1517 Ho-

273 1550 421 1629 ratianis,
453 1552 538 1634 quod
564 1555 691 1617 secutus
719 1555 843 1617 veteres
869 1555 981 1636 politas
1003 1555 1165 1618 scaenicos
1189 1553 1418 1638 Romanorum,

247 1646 250 1656 ’
274 1673 410 1735 quorum
432 1653 468 1718 in
490 1653 601 1719 schola
622 1675 702 1737 puer
723 1653 846 1738 legerat
867 1653 967 1718 libros
991 1654 1047 1738 (cf.
1070 1654 1144 1739 epil.
1166 1655 1221 1719 lib.
1242 1655 1291 1718 ΙΙΙ
1307 1678 1336 1720 v.
1352 1655 1418 1739 34),

273 1767 349 1818 usus
383 1758 431 1819 est
462 1753 605 1838 spondeo
638 1756 690 1819 vel
724 1759 896 1838 anapaesto
931 1755 1026 1819 etiam
1060 1757 1095 1819 in
1123 1756 1253 1838 paribus
1281 1757 1418 1822 trimetri

272 1855 407 1938 pedibus
435 1859 563 1940 praeter
590 1855 750 1920 ultimum.
796 1855 858 1930 Qui
886 1855 994 1920 nescio
1023 1879 1065 1920 an
1100 1857 1238 1921 maxime
1272 1859 1418 1942 exemplo

273 1955 308 2020 P.
333 1955 405 2040 Syri
426 1956 658 2042 mimographi,
688 1956 816 2022 Caesari
843 1957 992 2021 dictatori
1022 1958 1180 2042 aequalis,
1212 1959 1268 2041 qui
1296 1963 1328 2024 et
1350 1959 1418 2042 ipse

272 2058 414 2122 carmina
444 2059 531 2122 vitiis
559 2059 714 2142 temporis
743 2059 793 2122 sui
820 2057 1014 2142 castigandis
1041 2058 1229 2141 destinavit,
1264 2059 1417 2124 adductus

272 2159 326 2239 sit,
350 2163 387 2223 ut
408 2151 503 2224 istam
526 2160 587 2224 sibi
609 2159 791 2244 indulgeret
813 2160 985 2225 licentiam.
1030 2159 1131 2236 Quam
1156 2163 1182 2225 si
1205 2161 1234 2224 ei
1259 2162 1418 2226 condona-

271 2260 369 2344 veris,
398 2261 565 2326 fatendum
588 2265 638 2326 est
659 2261 830 2326 admodum
853 2262 1040 2347 diligentem
1063 2265 1096 2327 et
1118 2263 1298 2348 elegantem
1318 2263 1418 2328 fuisse

272 2383 344 2425 eum
372 2362 415 2427 in*
441 2363 672 2448 componendis
705 2363 865 2448 versibuS,
899 2386 1036 2448 quorum
1066 2369 1167 2429 artem
1195 2363 1352 2429 accurate
1367 2365 1417 2428 de-

272 2463 384 2546 scripsi
411 2465 446 2528 in
473 2464 672 2548 praefatione
699 2464 850 2529 editionis
878 2487 967 2529 meae
989 2485 1065 2550 pgg.
1083 2464 1237 2530 VIII-X
1264 2470 1296 2531 et
1323 2469 1417 2531 antea

272 2565 307 2628 in
330 2565 412 2628 libro
436 2564 473 2630 de
496 2587 530 2630 re
552 2566 685 2630 metrica
705 2569 873 2649 poctarum
896 2565 1086 2630 Latinorum
1109 2587 1185 2651 pgg.
1210 2568 1269 2630 411
1283 2589 1351 2651 sqq.

326 2652 328 2658 ¹
358 2665 429 2741 Qua
461 2668 590 2751 quidem
622 2687 656 2731 re
689 2667 741 2730 vel
775 2667 844 2731 sola
875 2668 1082 2747 refelluntur,
1120 2669 1176 2752 qui
1213 2668 1417 2733 crediderunt

272 2766 410 2831 Phaedri
433 2770 576 2833 carmina
597 2773 654 2833 aut
675 2768 798 2832 ultimis
823 2770 1025 2854 antiquitatis
1055 2771 1253 2854 temporibus
1275 2773 1331 2835 aut
1351 2763 1416 2836 rire·

272 2868 325 2932 dio
354 2891 433 2934 aevo
463 2874 559 2954 atquc
588 2871 666 2934 adeo
696 2871 823 2934 saeculo
845 2870 909 2937 XV
931 2894 950 2935 a
971 2870 1104 2937 Perotto
1133 2893 1200 2936 esse
1228 2874 1415 2956 composita,

272 2990 344 3034 cum
366 2992 461 3037 nemo
485 2975 541 3037 aut
561 2972 623 3036 hac
645 2972 748 3036 aetate
770 2976 826 3037 aut
847 2972 904 3036 illa
919 2974 1087 3058 exstiterit,
1112 2975 1167 3058 qui
1190 2973 1299 3038 eadem
1321 2975 1416 3039 metri

272 3074 351 3154 arte,
376 3094 471 3155 quam
486 3073 521 3144 in
535 3073 682 3139 Phaedro
698 3075 915 3158 obseriamus,
940 3076 1140 3140 conscribere
1161 3080 1271 3160 posset
1286 3097 1414 3140 carmen

273 3172 324 3235 vel
346 3194 456 3238 unum.

354 3275 423 3339 Iam
450 3298 522 3340 oum
550 3276 690 3341 Phaedri
717 3299 827 3342 versus
854 3261 1042 3361 plerumque
1075 3279 1141 3343 sint
1174 3280 1341 3362 perfaciles
1375 3281 1414 3344 ad

201 3377 205 3380 ”
272 3377 506 3461 scandendum,
533 3379 585 3442 vel
613 3378 684 3442 ideo
713 3400 886 3462 puerorum
913 3379 1026 3463 primis
1055 3380 1164 3444 usibus
1192 3381 1319 3444 videtur
1346 3402 1413 3446 esse

272 3479 574 3563 accommodandus
604 3482 641 3543 ut
667 3480 729 3544 hoc
757 3481 902 3564 exemplo
930 3481 979 3544 usi
1001 3481 1106 3564 prima
1129 3480 1314 3567 cognitione
1336 3482 1413 3546 artis

271 3579 422 3644 metricae
458 3581 624 3665 antiquae,
662 3603 743 3664 quae
775 3581 924 3666 neglecta
954 3583 1177 3648 observatione
1211 3583 1413 3667 grammatici

270 3681 442 3744 verborum
475 3686 624 3748 accentus
657 3683 853 3767 quantitates
885 3686 1011 3747 tantum
1044 3684 1176 3768 respicit
1208 3684 1411 3769 syllabarum,

270 3783 456 3847 imbuantur
478 3805 589 3848 eorum
611 3785 719 3849 animi.

356 3883 519 3960 Quantum
541 3886 581 3949 ad
603 3885 745 3951 indolem
767 3887 926 3970 politicam
948 3889 1088 3952 auctoris
1116 3887 1227 3966 huius,
1258 3888 1317 3952 etsi
1345 3889 1413 3954 vin-

270 3986 353 4051 citur
375 3987 531 4052 suavitate
554 4010 591 4053 ao
614 3987 814 4072 simplicitate
837 3987 998 4068 aBabrio,
1022 3991 1078 4073 qui
1101 3990 1197 4054 etiam
1220 3989 1342 4054 alienus
1365 3994 1413 4055 est

270 4088 310 4152 ab
338 4087 510 4153 acerbitate
532 4089 602 4173 illa,
633 4090 722 4154 cuius
745 4111 840 4153 causa
862 4091 984 4155 exstitit
1005 4090 1151 4156 Phaedro
1179 4090 1411 4156 malevolorum

271 4189 460 4255 obtrectatio
489 4193 521 4254 et
547 4191 688 4255 tenuitas
714 4192 775 4271 rei,
805 4195 932 4256 exstant
953 4193 1021 4256 eius
1043 4193 1171 4258 fabulae
1194 4194 1270 4257 satis
1293 4193 1410 4257 multae

270 4290 310 4354 ab
334 4291 421 4355 omni
443 4314 543 4375 prope
566 4296 656 4376 parte
677 4293 850 4376 perfectae,
878 4294 993 4376 quibus
1015 4293 1220 4377 potissimum
1242 4295 1290 4359 uti
1311 4294 1410 4377 magi-

270 4395 353 4457 stros
375 4392 557 4458 scholarum
584 4395 619 4458 in
647 4416 740 4458 usum
767 4416 904 4478 acquum
931 4400 987 4460 est.
1033 4396 1125 4461 Aliae
1147 4396 1312 4479 aliquanto
1335 4399 1411 4460 sunt
