3298 5110
716 265 902 328 ..9-

238 417 380 481 dubium.
419 415 517 482 Cuius
539 417 666 501 quidem
689 421 800 482 auctor
822 441 860 482 ex
883 417 991 482 codice
1014 417 1157 501 pleniore
1181 420 1306 484 videtur
1329 443 1381 485 eas

238 518 375 583 Phaedri
403 519 536 604 elegisse
565 518 704 602 fabulas,
735 541 815 603 quae
846 519 908 603 ipsi
937 519 1074 584 maxime
1103 518 1219 604 dignae
1249 522 1380 606 cognitu

239 622 432 687 viderentur.
465 621 643 704 Aliquanto
665 621 799 685 minoris
822 625 871 685 est
892 621 989 704 pretii
1011 621 1122 686 charta
1136 621 1292 707 Danielis,
1315 645 1379 688 sae·

238 725 302 789 culi
324 723 404 806 XII,
434 745 515 807 quae
541 726 666 806 partem
694 722 771 787 satis
798 745 931 806 paruam
964 722 1144 787 fabularum
1178 723 1252 801 libri
1284 726 1380 808 primi

237 826 398 908 continet,
431 845 535 909 neque
564 823 667 888 caruit
698 825 938 909 interpolatoris
966 824 1115 902 audacia,
1151 829 1187 888 ut
1213 828 1322 889 tamen
1349 831 1382 890 et
1424 867 1426 873 ·

238 929 308 1012 ipsa
336 926 460 1010 aliquot
488 926 633 1011 egregias
660 924 842 1010 suppeditet
868 926 1030 994 lectiones.
1077 925 1226 992 Ceterum
1260 925 1298 990 de
1330 927 1381 991 his

238 1029 401 1095 codicibus
430 1027 608 1093 accuratius
637 1026 789 1092 disserere
816 1049 883 1091 non
911 1032 961 1092 est
987 1029 1021 1092 in
1055 1028 1176 1107 animo,
1210 1049 1251 1091 ne
1284 1028 1380 1092 nimis
1435 1067 1439 1077 =

238 1131 457 1216 exspatientur
479 1128 712 1193 dissertationis
734 1150 824 1221 meae
846 1129 940 1213 linae,
969 1151 1041 1194 cum
1063 1130 1250 1212 praesertim
1273 1130 1382 1194 omnia

236 1233 275 1296 ad
304 1232 533 1297 accuratiorem
562 1252 673 1294 eorum
706 1230 854 1313 peritiam
886 1231 1082 1314 pertinentia
1114 1230 1320 1296 inveniantur
1346 1232 1381 1294 in

238 1333 401 1399 Orelliana
422 1332 578 1414 Phaedri,
602 1332 742 1396 editione
765 1331 842 1395 anni
867 1332 959 1414 1831,
987 1333 1075 1396 etin
1098 1332 1206 1397 addita
1233 1333 1380 1416 proximo

180 1473 184 1486 ·
240 1457 325 1500 anno
348 1435 533 1519 appendice.
1206 1449 1210 1459 ¹
1434 1513 1437 1524 Ι

274 1557 277 1564 ’
322 1536 384 1602 Sed
406 1538 504 1622 longe
526 1534 672 1620 pluribus
695 1535 733 1598 de
749 1533 908 1598 Perottini
931 1534 1048 1600 codicis
1071 1534 1188 1600 fabulis
1212 1535 1304 1599 etde
1327 1557 1381 1618 pa·

237 1639 381 1722 raphrasi
409 1637 547 1703 Phaedri
576 1636 730 1721 pedestri,
761 1657 842 1720 quae
870 1636 976 1701 medio
1005 1658 1084 1700 aevo
1107 1637 1272 1720 provenit,
1301 1636 1381 1700 mihi

239 1741 331 1806 video
355 1741 524 1826 agendum,
552 1739 671 1823 quippe
694 1738 732 1802 de
755 1740 869 1821 quibus
893 1738 944 1802 vel
966 1737 1061 1803 hodie
1083 1737 1252 1803 hominum
1274 1737 1382 1803 docto·

239 1865 309 1906 rum
333 1843 366 1905 in
389 1841 619 1906 diversissimas
642 1844 749 1924 partes
772 1840 891 1904 abeant
912 1839 1040 1906 iudicia.

323 1942 425 2018 Quam
440 1947 564 2026 partem
580 1942 811 2026 disputationis
824 1945 997 2025 antequam
1012 1941 1191 2026 aggrediar,
1207 1945 1244 2005 ut
1254 1941 1381 2027 magnis

237 2045 386 2108 laudibus
408 2044 486 2108 mihi
509 2048 557 2108 est
579 2035 738 2108 efferenda
760 2042 915 2107 Ludovici
936 2041 1050 2106 Rothii
1076 2043 1243 2126 diligentia
1266 2045 1298 2107 et
1320 2043 1381 2106 sol-

238 2146 342 2229 lertia,
367 2145 423 2228 qui
445 2145 479 2209 in
496 2144 659 2229 Philologi
674 2144 699 2228 I,
715 2145 778 2209 523
794 2166 862 2228 sqq.
886 2143 925 2207 de
941 2143 1050 2208 eadem
1073 2165 1106 2207 re
1130 2145 1206 2228 egit,
1230 2145 1276 2207 ita
1298 2145 1380 2208 male

236 2246 477 2331 imprecandum
499 2247 725 2333 neglegentiae
741 2249 773 2310 et
787 2245 990 2330 ignorantiae
1006 2244 1185 2328 Hermanni
1201 2244 1378 2328 Oesterleii,

237 2348 292 2432 qui
315 2349 350 2412 in
371 2347 454 2412 libro
478 2347 623 2412 Berolini
646 2370 673 2412 a.
701 2348 783 2412 1870
805 2347 904 2426 edito,
939 2347 990 2412 cui
1013 2347 1201 2431 inscriptum
1225 2350 1273 2411 est
1294 2345 1380 2429 „Ro-

236 2450 350 2513 mulus
395 2449 456 2515 Die
484 2449 706 2533 Paraphrasen
735 2449 789 2513 des
817 2448 982 2514 Phaedrus
1012 2449 1077 2513 und
1106 2449 1157 2513 die
1184 2448 1380 2532 Aesopische

236 2551 335 2616 Fabel
357 2552 402 2615 irn
424 2549 648 2633 Mittelalter“,
677 2550 760 2614 nihil
782 2550 932 2634 protulit,
956 2550 1042 2634 quod
1064 2551 1285 2634 quaestionem
1308 2572 1381 2634 pro-

236 2653 373 2737 positam
397 2651 569 2735 expediret.
615 2651 698 2728 Quid
721 2653 806 2737 quod
828 2652 913 2716 idem
934 2674 975 2716 ne
1002 2652 1095 2716 novit
1117 2651 1246 2735 quidem
1269 2651 1380 2716 disser-

237 2754 394 2818 tationem
409 2752 543 2818 Rothii?
568 2752 768 2837 Quamquam
784 2754 881 2818 etiarn
901 2753 937 2818 in
958 2753 1018 2819 hae
1040 2752 1126 2817 haud
1146 2775 1249 2838 pauca
1270 2753 1382 2817 insunt
1488 2819 1490 2826 ,

240 2877 321 2939 quae
343 2855 437 2919 aliter
458 2855 578 2939 scripta
602 2855 728 2920 vellem.

321 2955 435 3040 Itaque
462 2958 601 3040 primum
630 2960 679 3021 est
705 2957 945 3022 memorandum
973 2957 1074 3021 videri
1098 2957 1265 3022 Perottum
1287 2979 1381 3021 usum

238 3058 345 3122 codice
373 3057 511 3123 Phaedri
539 3059 680 3142 quinque
710 3059 806 3123 etiam
834 3060 924 3124 libris
951 3062 1118 3123 constante
1146 3081 1206 3123 nec
1234 3058 1380 3122 dissimili

239 3160 317 3242 ciue,
335 3183 373 3224 91
389 3182 452 3243 quo
468 3159 629 3244 pedestres
644 3163 757 3243 potitae
773 3161 983 3244 paraphrases
998 3160 1127 3224 fluxisse
1146 3159 1232 3224 infra
1247 3159 1378 3225 docebo.

227 3249 229 3252 ¹
321 3261 362 3326 Ei
390 3266 497 3326 utrum
525 3260 623 3326 fuerit
645 3261 783 3326 auctoris
811 3261 862 3325 vel
883 3263 1006 3345 Aesopi
1028 3261 1080 3326 vel
1101 3260 1239 3326 Phaedri
1261 3284 1380 3326 nornen

237 3361 380 3428 additum
408 3385 508 3429 necne
535 3385 603 3428 non
630 3363 706 3427 satis
735 3367 870 3428 constat.
914 3363 999 3428 Nam
1022 3363 1108 3448 quod
1131 3362 1209 3427 dicit
1230 3363 1380 3427 Perottus

237 3467 373 3548 Aesopi,
405 3465 522 3529 Avieni
551 3468 583 3529 et
604 3465 742 3529 Phaedri
765 3487 831 3529 esse
854 3465 992 3546 fabulae,
1021 3465 1128 3549 potuit
1149 3464 1221 3530 ideo
1244 3463 1318 3528 addi
1340 3466 1379 3529 ab

238 3588 275 3629 eo
299 3566 420 3650 Aesopi
441 3588 569 3649 nomen,
593 3567 668 3650 quia
690 3566 743 3630 hie
765 3567 945 3632 aPheedro
968 3567 1089 3651 pariter
1111 3570 1143 3630 et
1158 3567 1285 3631 Aviano
1305 3567 1380 3630 diei*

238 3671 290 3730 tur
313 3672 425 3733 auctor
440 3673 473 3732 et
486 3669 637 3732 inventor
658 3668 753 3732 huius
776 3669 903 3752 generis
926 3668 1114 3733 studiorum.
1145 3666 1208 3733 Sed
1231 3669 1316 3733 enim
1339 3692 1379 3732 ne

237 3767 375 3832 Phaedri
398 3768 527 3853 quidem
549 3769 713 3834 mentione
735 3771 774 3832 ab
798 3770 909 3834 eodem
931 3770 1063 3834 Perotto
1090 3769 1177 3834 faeta
1199 3774 1285 3833 certo
1308 3792 1379 3853 pro-

238 3870 332 3934 batur
357 3871 456 3935 fuisse
484 3870 553 3935 eius
581 3892 700 3935 nomen
728 3870 762 3935 in
791 3871 898 3935 codiee
927 3870 1109 3934 fabularum
1136 3893 1199 3954 quo
1229 3893 1304 3936 usus
1332 3875 1381 3936 est

237 3969 301 4035 ille.
346 3969 432 4036 Nam
454 3971 539 4036 idem
562 3993 600 4036 ex
621 3972 821 4055 praefatione
845 3971 964 4037 Aviani
986 3973 1094 4055 potuit
1115 3972 1259 4056 depromi
1282 3996 1301 4036 a
1322 3972 1380 4037 Pe-

236 4074 331 4136 rotto.
381 4074 431 4137 Ac
458 4076 567 4139 tamen
594 4074 697 4159 magis
725 4073 865 4139 adducor
893 4077 929 4138 ut
957 4073 1083 4138 credam
1112 4073 1211 4138 fuisse
1241 4073 1380 4138 Phaedri

236 4195 356 4238 nornen
378 4174 413 4239 in
434 4174 595 4240 Perottini
624 4174 742 4239 codicis
765 4175 940 4259 archetypo
968 4175 1119 4258 positum.
1165 4173 1272 4238 Minus
1295 4179 1379 4239 certe

236 4275 299 4338 fuit
321 4297 433 4341 causae
457 4297 513 4340 eur
535 4277 587 4341 hic
609 4277 819 4358 omitteretur,
843 4299 939 4360 quarn
955 4298 1011 4340 eur
1026 4276 1228 4342 omitteretur
1250 4301 1269 4342 a
1289 4299 1380 4361 para·

235 4375 348 4466 phrast
368 4426 375 4440 .
