3298 5110
683 276 986 342 >-20-

310 449 408 513 nymo
430 426 589 514 quendam
612 427 733 493 cultum
756 429 911 495 orationis
934 428 1064 512 addidit,
1088 428 1234 493 existimo
1255 451 1322 493 esse
1338 431 1451 494 aetatis

311 531 544 616 Carolingicae.
580 531 743 614 Anonymi
760 529 1070 614 wissemburgensis
1086 533 1174 594 aetas
1188 529 1314 594 definiri
1330 532 1450 614 nequit.

311 631 536 696 Nilantianum
559 636 644 695 certe
665 635 740 715 post
761 629 935 696 Romulum
957 630 1056 696 fuisse
1080 635 1220 713 apparet.

393 733 485 796 lllius
513 733 659 818 syllogen
685 733 894 816 inscriptione
917 755 954 796 ae
976 732 1210 815 subscriptione
1234 734 1322 796 omni
1345 754 1452 800 caren-

311 841 377 900 tem
408 834 463 919 (cf.
485 833 574 898 Roth
596 834 617 902 l.
640 857 682 900 m.
705 834 782 914 524,
806 835 863 920 25)
892 857 930 898 ex
953 834 1061 898 codice
1083 831 1242 897 Vossiano
1266 855 1347 898 saec.
1372 832 1451 898 XIII

310 941 455 1000 accurate
479 936 660 1018 admodum,
683 939 720 998 ut
741 958 800 1019 pro
823 929 887 999 illis
909 935 1117 1018 temporibus,
1140 934 1262 1016 primus
1285 935 1384 999 edidit
1395 935 1426 999 N
1429 935 1451 997 i-

313 1038 432 1101 lentius
456 1036 604 1121 Lugduni
627 1037 821 1102 Batavorum
846 1059 875 1100 a.
901 1036 991 1100 1709.

395 1137 536 1202 Fabulae
557 1136 687 1201 Romuli
709 1136 868 1221 prioribus
891 1137 1024 1201 saeculis
1046 1158 1150 1220 saepe,
1172 1137 1355 1219 nuperrime
1378 1141 1453 1200 sunt

310 1239 413 1304 editae
436 1240 476 1303 ab
497 1238 686 1303 Hermanno
711 1238 897 1321 OesterleiO,
920 1237 1065 1302 Berolini
1087 1259 1114 1301 a.
1141 1237 1234 1319 1870,
1268 1237 1323 1320 qui
1344 1241 1451 1302 tamen

312 1345 445 1424 excepto
469 1341 555 1425 quod
586 1341 694 1406 codice
725 1341 856 1424 egregio
885 1339 1023 1423 quodam
1045 1337 1148 1402 Musei
1171 1337 1351 1404 Britannici
1379 1361 1451 1402 usus

312 1445 440 1506 estnec
463 1442 569 1506 minus
591 1442 698 1507 codice
721 1441 1014 1526 Wissemburgensi
1041 1440 1092 1522 (de
1115 1461 1178 1523 quo
1201 1440 1341 1522 primum
1363 1461 1452 1503 aecu-

312 1544 412 1608 ratius
441 1544 508 1629 egit
535 1566 563 1608 a.
597 1543 679 1608 1844
709 1543 890 1626 Ludcvicus
918 1539 1064 1606 'l'rossius
1098 1541 1234 1624 epistula
1266 1540 1306 1604 ad
1335 1540 1453 1607 Iulium

310 1643 483 1729 Flentelot)
506 1644 589 1707 nihil
611 1646 714 1708 bonae
736 1643 839 1729 frugis
861 1643 999 1708 contulit
1027 1641 1176 1706 Romulo.
1222 1642 1306 1706 Nam
1333 1664 1374 1706 ne
1395 1642 1452 1706 Ni-

309 1745 454 1809 lantiano
482 1745 610 1827 quidem
643 1767 802 1828 anonymo
831 1745 907 1808 satis
936 1748 984 1808 est
1011 1766 1095 1808 usus.
1122 1782 1163 1791 -
1191 1742 1376 1827 Optandum
1405 1747 1453 1806 est

266 1865 270 1874 ·
308 1843 426 1931 igitur,
450 1849 604 1929 utquam
627 1846 765 1928 primum
786 1845 920 1928 prodeat
940 1845 1176 1928 paraphraseon
1201 1843 1339 1908 Phaedri
1360 1845 1452 1929 pede·

310 1947 424 2010 strium
441 1947 583 2011 recensio
600 1968 672 2011 cum
687 1947 805 2030 peritia
819 1946 927 2011 Latini
942 1947 1098 2011 sermonis
1121 1949 1153 2009 et
1174 1969 1234 2010 usu
1256 1946 1302 2010 rei
1325 1945 1452 2010 criticae

310 2048 405 2111 facta.
451 2047 621 2113 Praeterea
641 2069 727 2114 novo
757 2047 871 2112 editori
893 2047 1110 2131 anquirendae
1132 2052 1227 2112 erunt
1249 2049 1452 2112 membranae

311 2152 368 2213 aut
390 2149 568 2234 apographi
586 2149 895 2235 Wissemburgensis
918 2149 1047 2232 similes,
1070 2149 1173 2234 qualis
1197 2155 1244 2213 est
1260 2148 1452 2213 Oxoniensis

310 2271 392 2315 saec.
415 2249 493 2314 XIV
502 2238 521 2328 ‚⁸
545 2274 640 2334 quam
668 2255 826 2316 memorat
854 2250 1048 2316 Oesterleius
1070 2273 1123 2337 pg.
1146 2251 1203 2335 22,
1237 2254 1293 2315 aut
1322 2249 1452 2314 Romuli

311 2373 406 2434 quam
428 2351 633 2435 plenissimae
650 2357 682 2417 et
696 2354 931 2438 integerrimae,
954 2353 1038 2417 inter
1061 2375 1140 2436 quas
1162 2351 1248 2416 haud
1270 2352 1331 2415 erit
1344 2352 1452 2436 negle-

130 2543 138 2554 ·
311 2453 417 2538 genda
439 2452 700 2517 Vindobonensis
721 2453 788 2533 illa,
812 2454 937 2537 deque
959 2453 1040 2516 dixit
1062 2452 1211 2516 Grossius
1231 2473 1286 2538 pg.
1310 2453 1380 2522 790.

396 2554 545 2618 Ceterum
574 2575 655 2637 quae
684 2555 733 2631 in,
748 2555 833 2619 calce
860 2555 945 2622 libri¹
964 2553 1090 2617 additae
1118 2557 1194 2616 sunt
1215 2555 1254 2617 ab
1277 2551 1452 2617 Oesterleio

310 2654 455 2739 fabulae,
481 2677 502 2734 a
523 2652 661 2719 Romulo
685 2659 717 2719 et
739 2655 908 2740 anonymis
936 2654 1059 2718 duobus
1082 2654 1219 2737 alienae,
1247 2654 1329 2717 nihil
1356 2655 1452 2737 plane

314 2756 486 2819 conferunt
507 2755 547 2819 ad
570 2756 769 2820 emendanda
790 2757 842 2821 vel
864 2756 1041 2841 supplenda
1063 2755 1200 2819 Phaedri
1215 2756 1350 2838 'scripta

394 2856 540 2920 Fuerunt
554 2879 573 2920 a
589 2856 686 2920 Gudii
701 2858 776 2921 inde
792 2861 934 2941 tempore
950 2857 1052 2940 multi,
1077 2856 1131 2940 qui
1150 2856 1275 2920 fabulas
1298 2857 1451 2946 anonymi

313 2954 622 3043 Wissemburgensis
636 2958 836 3042 aliorumque
852 2959 935 3023 curis
951 2962 1101 3042 servatas,
1116 2958 1192 3041 quia
1207 2979 1244 3021 ex
1260 2960 1350 3040 parte
1365 2958 1450 3022 haud

311 3059 406 3123 dubie
429 3064 535 3123 essent
557 3059 704 3143 Phaedri,
727 3061 761 3124 in
783 3083 894 3126 versus
915 3062 1042 3125 coactas
1064 3065 1290 3144 proponerent.
1330 3059 1451 3135 Quibus

311 3160 460 3225 omnibus
481 3165 613 3245 propter
635 3162 766 3226 nimiam
782 3167 959 3227 metrorum
981 3163 1174 3246 imperitiam
1190 3162 1284 3226 cessit
1298 3184 1349 3226 res
1372 3161 1452 3224 infe-

311 3262 477 3343 licissime,
507 3283 578 3326 cum
606 3267 714 3328 tamen
742 3263 930 3348 plerumque
956 3263 1044 3328 facili
1072 3285 1169 3348 opera
1190 3268 1322 3346 possent
1343 3284 1452 3326 versus

311 3364 384 3429 elici
407 3365 497 3449 digni
520 3364 675 3428 Phaedro.
719 3364 805 3430 Nam
828 3366 906 3430 adeo
936 3364 1022 3428 haud
1047 3365 1094 3428 ita
1115 3385 1187 3428 raro
1210 3364 1302 3428 utin
1324 3363 1451 3443 fabulis,

311 3487 392 3549 quae
416 3466 474 3528 sub
497 3467 618 3548 Aesopi
640 3466 771 3528 nomine
792 3465 956 3543 feruntur,
986 3465 1115 3529 Graecis
1139 3463 1264 3535 Babrii,
1292 3464 1339 3526 aa
1367 3464 1452 3547 apud

311 3564 485 3630 Romulum
508 3570 540 3630 et
563 3569 684 3630 ceteros
707 3565 845 3629 Phaedri
874 3565 991 3650 integri
1022 3565 1073 3629 vel
1101 3569 1185 3629 certe
1214 3564 1369 3628 dimidiati
1396 3565 1451 3629 tri-

311 3667 405 3732 metri
429 3667 546 3731 servati
568 3671 653 3732 sunt.
698 3666 797 3732 Ouius
820 3667 866 3732 rei
889 3667 1034 3750 exempla
1055 3667 1168 3731 afferre
1190 3666 1286 3730 liceat
1313 3666 1388 3744 tria,
1417 3668 1451 3730 in

311 3769 426 3852 quibus
459 3768 659 3851 superiorum
691 3773 795 3834 aetate
833 3769 1017 3834 criticorum
1053 3768 1234 3852 probabilia
1271 3772 1452 3831 commenta

310 3892 378 3934 non
400 3871 535 3954 mutavi,
558 3871 673 3934 vitiosa
696 3871 828 3935 correxi.

869 3972 894 4037 Ι.

716 4077 856 4129 Gladius
876 4081 908 4129 et
926 4078 1043 4130 viator.

513 4159 644 4214 Gladium
663 4161 754 4214 viator
770 4161 865 4215 media
882 4161 1039 4231 proiectum
1058 4160 1105 4213 via

513 4244 626 4298 Invenit
643 4246 673 4297 et
690 4245 814 4314 rogavit:
834 4247 896 4314 quis
914 4247 943 4299 te
961 4245 1104 4314 perdidit?

513 4328 564 4382 Cui
582 4330 683 4384 telum:
702 4346 747 4383 me
767 4329 881 4398 quidem
900 4347 978 4396 unus,
999 4331 1028 4383 at
1045 4329 1149 4382 multos
1168 4345 1228 4397 ego

512 4412 613 4466 Pereat
631 4415 805 4482 priusquam,
826 4415 922 4467 multis
941 4414 1025 4467 exitio
1044 4416 1087 4468 est
1104 4430 1213 4468 nocens.
