<?xml version="1.0" encoding="UTF-8"?>
<!DOCTYPE html PUBLIC "-//W3C//DTD XHTML 1.0 Transitional//EN"
    "http://www.w3.org/TR/xhtml1/DTD/xhtml1-transitional.dtd">
<html xmlns="http://www.w3.org/1999/xhtml" xml:lang="en" lang="en">
 <head>
  <title>
</title>
<meta http-equiv="Content-Type" content="text/html;charset=utf-8" />
  <meta name='ocr-system' content='tesseract 3.04.00' />
  <meta name='ocr-capabilities' content='ocr_page ocr_carea ocr_par ocr_line ocrx_word'/>
</head>
<body>
  <div class='ocr_page' id='page_1' title='image "./lucianimuelleri01mlgoog_0040.png"; bbox 0 0 3298 5110; ppageno 0'>
   <div class='ocr_carea' id='block_1_1' title="bbox 680 321 885 384">
    <p class='ocr_par' dir='ltr' id='par_1_1' title="bbox 680 321 885 384">
     <span class='ocr_line' id='line_1_1' title="bbox 680 321 885 384; baseline -0.01 -16"><span class='ocrx_word' id='word_1_1' title='bbox 680 321 885 384; x_wconf 78' lang='lat'><strong>...31-</strong></span> 
     </span>
    </p>
   </div>
   <div class='ocr_carea' id='block_1_2' title="bbox 209 472 1353 660">
    <p class='ocr_par' dir='ltr' id='par_1_2' title="bbox 209 472 1353 660">
     <span class='ocr_line' id='line_1_2' title="bbox 209 472 1353 560; baseline -0.002 -20"><span class='ocrx_word' id='word_1_2' title='bbox 209 474 305 560; x_wconf 82' lang='lat' dir='ltr'>fcro).</span> <span class='ocrx_word' id='word_1_3' title='bbox 343 474 465 538; x_wconf 82' lang='lat' dir='ltr'>Tamen</span> <span class='ocrx_word' id='word_1_4' title='bbox 488 495 559 538; x_wconf 88' lang='lat' dir='ltr'>curn</span> <span class='ocrx_word' id='word_1_5' title='bbox 581 474 651 555; x_wconf 73' lang='lat' dir='ltr'>fero</span> <span class='ocrx_word' id='word_1_6' title='bbox 674 472 713 537; x_wconf 90' lang='lat' dir='ltr'>ad</span> <span class='ocrx_word' id='word_1_7' title='bbox 736 495 865 537; x_wconf 88' lang='lat' dir='ltr'>sensum</span> <span class='ocrx_word' id='word_1_8' title='bbox 888 473 930 538; x_wconf 88' lang='lat' dir='ltr'>sit</span> <span class='ocrx_word' id='word_1_9' title='bbox 952 472 1160 556; x_wconf 83' lang='lat' dir='ltr'>aptissimum,</span> <span class='ocrx_word' id='word_1_10' title='bbox 1183 473 1289 537; x_wconf 88' lang='lat' dir='ltr'>nescio</span> <span class='ocrx_word' id='word_1_11' title='bbox 1310 497 1353 538; x_wconf 89' lang='lat' dir='ltr'>an</span> 
     </span>
     <span class='ocr_line' id='line_1_3' title="bbox 211 574 1173 660; baseline -0.002 -20"><span class='ocrx_word' id='word_1_12' title='bbox 211 577 319 660; x_wconf 85' lang='lat' dir='ltr'>potius</span> <span class='ocrx_word' id='word_1_13' title='bbox 342 575 545 640; x_wconf 88' lang='lat' dir='ltr'>scribendum</span> <span class='ocrx_word' id='word_1_14' title='bbox 568 576 610 638; x_wconf 87' lang='lat' dir='ltr'>sit</span> <span class='ocrx_word' id='word_1_15' title='bbox 631 575 820 638; x_wconf 84' lang='lat' dir='ltr'>traiectione</span> <span class='ocrx_word' id='word_1_16' title='bbox 842 574 929 639; x_wconf 87' lang='lat' dir='ltr'>facta</span> <span class='ocrx_word' id='word_1_17' title='bbox 950 575 1040 638; x_wconf 89' lang='lat' dir='ltr'>verbi</span> <span class='ocrx_word' id='word_1_18' title='bbox 1062 575 1173 639; x_wconf 87' lang='lat' dir='ltr'>nnius:</span> 
     </span>
    </p>
   </div>
   <div class='ocr_carea' id='block_1_3' title="bbox 464 719 1073 795">
    <p class='ocr_par' dir='ltr' id='par_1_3' title="bbox 464 719 1073 795">
     <span class='ocr_line' id='line_1_4' title="bbox 464 719 1073 795; baseline -0.002 -15"><span class='ocrx_word' id='word_1_19' title='bbox 464 719 612 795; x_wconf 81' lang='lat' dir='ltr'>postquam</span> <span class='ocrx_word' id='word_1_20' title='bbox 632 727 736 778; x_wconf 88' lang='lat' dir='ltr'>esurire</span> <span class='ocrx_word' id='word_1_21' title='bbox 755 726 872 779; x_wconf 81' lang='lat' dir='ltr'>societas</span> <span class='ocrx_word' id='word_1_22' title='bbox 892 725 987 794; x_wconf 84' lang='lat' dir='ltr'>coepit</span> <span class='ocrx_word' id='word_1_23' title='bbox 1003 725 1073 779; x_wconf 85' lang='lat' dir='ltr'>fera.</span> 
     </span>
    </p>
   </div>
   <div class='ocr_carea' id='block_1_4' title="bbox 209 861 1354 1147">
    <p class='ocr_par' dir='ltr' id='par_1_4' title="bbox 209 861 1354 1147">
     <span class='ocr_line' id='line_1_5' title="bbox 297 861 1353 949; baseline -0.002 -22"><span class='ocrx_word' id='word_1_24' title='bbox 297 862 398 949; x_wconf 83' lang='lat' dir='ltr'>Saepe</span> <span class='ocrx_word' id='word_1_25' title='bbox 427 863 512 927; x_wconf 91' lang='lat' dir='ltr'>enim</span> <span class='ocrx_word' id='word_1_26' title='bbox 538 861 702 926; x_wconf 87' lang='lat' dir='ltr'>vocabulis</span> <span class='ocrx_word' id='word_1_27' title='bbox 730 863 913 926; x_wconf 87' lang='lat' dir='ltr'>traiciendis</span> <span class='ocrx_word' id='word_1_28' title='bbox 945 863 1177 926; x_wconf 88' lang='lat' dir='ltr'>restituendum</span> <span class='ocrx_word' id='word_1_29' title='bbox 1200 883 1267 927; x_wconf 89' lang='lat' dir='ltr'>esse</span> <span class='ocrx_word' id='word_1_30' title='bbox 1290 885 1353 926; x_wconf 85' lang='lat' dir='ltr'>rne-</span> 
     </span>
     <span class='ocr_line' id='line_1_6' title="bbox 211 963 1354 1046; baseline 0.001 -20"><span class='ocrx_word' id='word_1_31' title='bbox 211 968 296 1028; x_wconf 85' lang='lat' dir='ltr'>trum</span> <span class='ocrx_word' id='word_1_32' title='bbox 323 963 357 1028; x_wconf 91' lang='lat' dir='ltr'>in</span> <span class='ocrx_word' id='word_1_33' title='bbox 386 964 505 1028; x_wconf 89' lang='lat' dir='ltr'>fabulis</span> <span class='ocrx_word' id='word_1_34' title='bbox 531 963 706 1028; x_wconf 83' lang='lat' dir='ltr'>Perotlinis</span> <span class='ocrx_word' id='word_1_35' title='bbox 737 986 833 1046; x_wconf 91' lang='lat' dir='ltr'>supra</span> <span class='ocrx_word' id='word_1_36' title='bbox 872 965 992 1027; x_wconf 89' lang='lat' dir='ltr'>monui.</span> <span class='ocrx_word' id='word_1_37' title='bbox 1044 963 1192 1028; x_wconf 78' lang='lat' dir='ltr'>Ceterum</span> <span class='ocrx_word' id='word_1_38' title='bbox 1225 967 1354 1030; x_wconf 79' lang='lat' dir='ltr'>societas</span> 
     </span>
     <span class='ocr_line' id='line_1_7' title="bbox 209 1063 1138 1147; baseline 0.001 -19"><span class='ocrx_word' id='word_1_39' title='bbox 209 1066 280 1144; x_wconf 82' lang='lat' dir='ltr'>fero</span> <span class='ocrx_word' id='word_1_40' title='bbox 299 1065 394 1147; x_wconf 88' lang='lat' dir='ltr'>plane</span> <span class='ocrx_word' id='word_1_41' title='bbox 418 1087 457 1130; x_wconf 84' lang='lat' dir='ltr'>ex</span> <span class='ocrx_word' id='word_1_42' title='bbox 478 1087 566 1130; x_wconf 88' lang='lat' dir='ltr'>more</span> <span class='ocrx_word' id='word_1_43' title='bbox 588 1063 727 1129; x_wconf 82' lang='lat' dir='ltr'>Phaedri</span> <span class='ocrx_word' id='word_1_44' title='bbox 749 1064 870 1128; x_wconf 90' lang='lat' dir='ltr'>dictum</span> <span class='ocrx_word' id='word_1_45' title='bbox 891 1087 950 1147; x_wconf 90' lang='lat' dir='ltr'>pro</span> <span class='ocrx_word' id='word_1_46' title='bbox 972 1066 1048 1130; x_wconf 80' lang='lat' dir='ltr'>socii</span> <span class='ocrx_word' id='word_1_47' title='bbox 1067 1066 1138 1145; x_wconf 78' lang='lat' dir='ltr'>scri.</span> 
     </span>
    </p>
   </div>
   <div class='ocr_carea' id='block_1_5' title="bbox 287 1171 600 1298">
    <p class='ocr_par' dir='ltr' id='par_1_5' title="bbox 287 1171 600 1298">
     <span class='ocr_line' id='line_1_8' title="bbox 287 1171 600 1298; baseline 0.01 -36"><span class='ocrx_word' id='word_1_48' title='bbox 287 1199 376 1298; x_wconf 12' lang='lat' dir='ltr'>,rora</span> <span class='ocrx_word' id='word_1_49' title='bbox 402 1201 450 1285; x_wconf 83' lang='lat' dir='ltr'>rs,</span> <span class='ocrx_word' id='word_1_50' title='bbox 472 1203 492 1265; x_wconf 80' lang='lat' dir='ltr'>a</span> <span class='ocrx_word' id='word_1_51' title='bbox 515 1171 600 1284; x_wconf 57' lang='lat' dir='ltr'>sqq:</span> 
     </span>
    </p>
   </div>
   <div class='ocr_carea' id='block_1_6' title="bbox 414 1367 1094 1606">
    <p class='ocr_par' dir='ltr' id='par_1_6' title="bbox 414 1367 1094 1606">
     <span class='ocr_line' id='line_1_9' title="bbox 414 1367 1094 1437; baseline 0.003 -17"><span class='ocrx_word' id='word_1_52' title='bbox 414 1369 482 1436; x_wconf 90' lang='lat' dir='ltr'>quid</span> <span class='ocrx_word' id='word_1_53' title='bbox 500 1370 531 1421; x_wconf 85' lang='lat' dir='ltr'>tu</span> <span class='ocrx_word' id='word_1_54' title='bbox 550 1368 701 1422; x_wconf 76' lang='lat' dir='ltr'>confusus?</span> <span class='ocrx_word' id='word_1_55' title='bbox 720 1367 811 1422; x_wconf 88' lang='lat' dir='ltr'>dicam</span> <span class='ocrx_word' id='word_1_56' title='bbox 829 1369 882 1423; x_wconf 79' lang='lat' dir='ltr'>tibi</span> <span class='ocrx_word' id='word_1_57' title='bbox 900 1369 984 1433; x_wconf 84' lang='lat' dir='ltr'>clare,</span> <span class='ocrx_word' id='word_1_58' title='bbox 1002 1369 1094 1437; x_wconf 82' lang='lat' dir='ltr'>pater,</span> 
     </span>
     <span class='ocr_line' id='line_1_10' title="bbox 414 1452 1075 1522; baseline 0 -18"><span class='ocrx_word' id='word_1_59' title='bbox 414 1453 467 1505; x_wconf 89' lang='lat' dir='ltr'>hoc</span> <span class='ocrx_word' id='word_1_60' title='bbox 485 1467 608 1519; x_wconf 90' lang='lat' dir='ltr'>namque</span> <span class='ocrx_word' id='word_1_61' title='bbox 629 1468 658 1506; x_wconf 84' lang='lat' dir='ltr'>ee</span> <span class='ocrx_word' id='word_1_62' title='bbox 677 1453 779 1522; x_wconf 84' lang='lat' dir='ltr'>dignus</span> <span class='ocrx_word' id='word_1_63' title='bbox 797 1452 936 1522; x_wconf 85' lang='lat' dir='ltr'>appellari</span> <span class='ocrx_word' id='word_1_64' title='bbox 953 1453 1075 1518; x_wconf 89' lang='lat' dir='ltr'>nomine,</span> 
     </span>
     <span class='ocr_line' id='line_1_11' title="bbox 414 1536 1014 1606; baseline 0.002 -17"><span class='ocrx_word' id='word_1_65' title='bbox 414 1538 476 1589; x_wconf 86' lang='lat' dir='ltr'>tuto</span> <span class='ocrx_word' id='word_1_66' title='bbox 494 1536 611 1604; x_wconf 89' lang='lat' dir='ltr'>querela</span> <span class='ocrx_word' id='word_1_67' title='bbox 628 1536 696 1604; x_wconf 90' lang='lat' dir='ltr'>quia</span> <span class='ocrx_word' id='word_1_68' title='bbox 713 1536 789 1605; x_wconf 87' lang='lat' dir='ltr'>apud</span> <span class='ocrx_word' id='word_1_69' title='bbox 807 1537 836 1590; x_wconf 83' lang='lat' dir='ltr'>te</span> <span class='ocrx_word' id='word_1_70' title='bbox 855 1537 1014 1606; x_wconf 76' lang='lat' dir='ltr'>deponitur.</span> 
     </span>
    </p>
   </div>
   <div class='ocr_carea' id='block_1_7' title="bbox 211 1689 1357 4506">
    <p class='ocr_par' dir='ltr' id='par_1_7' title="bbox 211 1689 1353 1957">
     <span class='ocr_line' id='line_1_12' title="bbox 297 1689 1352 1780; baseline -0.001 -27"><span class='ocrx_word' id='word_1_71' title='bbox 297 1689 505 1780; x_wconf 81' lang='lat' dir='ltr'>Manifestum</span> <span class='ocrx_word' id='word_1_72' title='bbox 528 1693 577 1753; x_wconf 90' lang='lat' dir='ltr'>est</span> <span class='ocrx_word' id='word_1_73' title='bbox 597 1689 711 1753; x_wconf 91' lang='lat' dir='ltr'>ultima</span> <span class='ocrx_word' id='word_1_74' title='bbox 731 1690 848 1753; x_wconf 89' lang='lat' dir='ltr'>rectius</span> <span class='ocrx_word' id='word_1_75' title='bbox 870 1689 982 1754; x_wconf 85' lang='lat' dir='ltr'>referri</span> <span class='ocrx_word' id='word_1_76' title='bbox 1005 1689 1193 1753; x_wconf 84' lang='lat' dir='ltr'>adversum</span> <span class='ocrx_word' id='word_1_77' title='bbox 1215 1689 1235 1753; x_wconf 89' lang='lat'>3</span> <span class='ocrx_word' id='word_1_78' title='bbox 1258 1711 1352 1773; x_wconf 73' lang='lat' dir='ltr'>quani</span> 
     </span>
     <span class='ocr_line' id='line_1_13' title="bbox 212 1790 1353 1875; baseline -0.001 -21"><span class='ocrx_word' id='word_1_79' title='bbox 212 1791 250 1854; x_wconf 91' lang='lat' dir='ltr'>ad</span> <span class='ocrx_word' id='word_1_80' title='bbox 286 1814 323 1855; x_wconf 91' lang='lat' dir='ltr'>ea</span> <span class='ocrx_word' id='word_1_81' title='bbox 356 1813 436 1874; x_wconf 90' lang='lat' dir='ltr'>quae</span> <span class='ocrx_word' id='word_1_82' title='bbox 469 1792 614 1875; x_wconf 85' lang='lat' dir='ltr'>proxime</span> <span class='ocrx_word' id='word_1_83' title='bbox 647 1790 852 1874; x_wconf 88' lang='lat' dir='ltr'>praecedunt.</span> <span class='ocrx_word' id='word_1_84' title='bbox 902 1790 1014 1874; x_wconf 85' lang='lat' dir='ltr'>Itaque</span> <span class='ocrx_word' id='word_1_85' title='bbox 1048 1791 1122 1854; x_wconf 86' lang='lat' dir='ltr'>v.4</span> <span class='ocrx_word' id='word_1_86' title='bbox 1152 1791 1353 1874; x_wconf 73' lang='lat' dir='ltr'>parenthesis</span> 
     </span>
     <span class='ocr_line' id='line_1_14' title="bbox 211 1892 578 1957; baseline 0.003 -2"><span class='ocrx_word' id='word_1_87' title='bbox 211 1892 313 1956; x_wconf 86' lang='lat' dir='ltr'>instar</span> <span class='ocrx_word' id='word_1_88' title='bbox 335 1896 383 1956; x_wconf 88' lang='lat' dir='ltr'>est</span> <span class='ocrx_word' id='word_1_89' title='bbox 404 1892 578 1957; x_wconf 90' lang='lat' dir='ltr'>habendus.</span> 
     </span>
    </p>

    <p class='ocr_par' dir='ltr' id='par_1_8' title="bbox 212 1991 1354 2362">
     <span class='ocr_line' id='line_1_15' title="bbox 297 1991 1353 2078; baseline -0.001 -21"><span class='ocrx_word' id='word_1_90' title='bbox 297 1993 432 2058; x_wconf 79' lang='lat' dir='ltr'>Restant</span> <span class='ocrx_word' id='word_1_91' title='bbox 459 1995 537 2078; x_wconf 87' lang='lat' dir='ltr'>alia,</span> <span class='ocrx_word' id='word_1_92' title='bbox 572 2017 652 2078; x_wconf 88' lang='lat' dir='ltr'>quae</span> <span class='ocrx_word' id='word_1_93' title='bbox 681 1995 715 2058; x_wconf 90' lang='lat' dir='ltr'>in</span> <span class='ocrx_word' id='word_1_94' title='bbox 742 1994 859 2058; x_wconf 84' lang='lat' dir='ltr'>fabulis</span> <span class='ocrx_word' id='word_1_95' title='bbox 882 1991 1019 2058; x_wconf 81' lang='lat' dir='ltr'>Phaedri</span> <span class='ocrx_word' id='word_1_96' title='bbox 1047 1998 1103 2058; x_wconf 88' lang='lat' dir='ltr'>aut</span> <span class='ocrx_word' id='word_1_97' title='bbox 1130 1993 1353 2058; x_wconf 78' lang='lat' dir='ltr'>emendatione</span> 
     </span>
     <span class='ocr_line' id='line_1_16' title="bbox 215 2095 1354 2180; baseline -0.001 -22"><span class='ocrx_word' id='word_1_98' title='bbox 215 2095 384 2160; x_wconf 90' lang='lat' dir='ltr'>videantur</span> <span class='ocrx_word' id='word_1_99' title='bbox 407 2116 500 2180; x_wconf 83' lang='lat' dir='ltr'>egere</span> <span class='ocrx_word' id='word_1_100' title='bbox 524 2101 579 2160; x_wconf 88' lang='lat' dir='ltr'>aut</span> <span class='ocrx_word' id='word_1_101' title='bbox 601 2097 829 2178; x_wconf 83' lang='lat' dir='ltr'>explicatione3</span> <span class='ocrx_word' id='word_1_102' title='bbox 854 2095 892 2158; x_wconf 91' lang='lat' dir='ltr'>de</span> <span class='ocrx_word' id='word_1_103' title='bbox 915 2097 1031 2179; x_wconf 92' lang='lat' dir='ltr'>quibus</span> <span class='ocrx_word' id='word_1_104' title='bbox 1054 2100 1172 2178; x_wconf 85' lang='lat' dir='ltr'>tamen,</span> <span class='ocrx_word' id='word_1_105' title='bbox 1195 2118 1236 2159; x_wconf 89' lang='lat' dir='ltr'>ne</span> <span class='ocrx_word' id='word_1_106' title='bbox 1258 2097 1292 2158; x_wconf 90' lang='lat' dir='ltr'>in</span> <span class='ocrx_word' id='word_1_107' title='bbox 1307 2096 1354 2158; x_wconf 90' lang='lat' dir='ltr'>ni-</span> 
     </span>
     <span class='ocr_line' id='line_1_17' title="bbox 212 2195 1354 2280; baseline 0 -21"><span class='ocrx_word' id='word_1_108' title='bbox 212 2197 310 2259; x_wconf 87' lang='lat' dir='ltr'>miam</span> <span class='ocrx_word' id='word_1_109' title='bbox 333 2202 496 2260; x_wconf 81' lang='lat' dir='ltr'>excrescat</span> <span class='ocrx_word' id='word_1_110' title='bbox 517 2198 634 2261; x_wconf 91' lang='lat' dir='ltr'>molem</span> <span class='ocrx_word' id='word_1_111' title='bbox 656 2197 750 2260; x_wconf 90' lang='lat' dir='ltr'>huius</span> <span class='ocrx_word' id='word_1_112' title='bbox 774 2196 919 2280; x_wconf 85' lang='lat' dir='ltr'>opusculi</span> <span class='ocrx_word' id='word_1_113' title='bbox 948 2197 1102 2278; x_wconf 85' lang='lat' dir='ltr'>spatium,</span> <span class='ocrx_word' id='word_1_114' title='bbox 1136 2195 1240 2260; x_wconf 89' lang='lat' dir='ltr'>dicere</span> <span class='ocrx_word' id='word_1_115' title='bbox 1267 2218 1354 2259; x_wconf 91' lang='lat' dir='ltr'>nunc</span> 
     </span>
     <span class='ocr_line' id='line_1_18' title="bbox 212 2298 507 2362; baseline 0 -1"><span class='ocrx_word' id='word_1_116' title='bbox 212 2319 279 2361; x_wconf 91' lang='lat' dir='ltr'>non</span> <span class='ocrx_word' id='word_1_117' title='bbox 302 2300 351 2361; x_wconf 90' lang='lat' dir='ltr'>est</span> <span class='ocrx_word' id='word_1_118' title='bbox 372 2298 507 2362; x_wconf 88' lang='lat' dir='ltr'>animus.</span> 
     </span>
    </p>

    <p class='ocr_par' dir='ltr' id='par_1_9' title="bbox 212 2398 1354 2685">
     <span class='ocr_line' id='line_1_19' title="bbox 297 2398 1354 2482; baseline -0.001 -21"><span class='ocrx_word' id='word_1_119' title='bbox 297 2399 421 2462; x_wconf 89' lang='lat' dir='ltr'>Addam</span> <span class='ocrx_word' id='word_1_120' title='bbox 454 2400 525 2463; x_wconf 93' lang='lat' dir='ltr'>loco</span> <span class='ocrx_word' id='word_1_121' title='bbox 559 2399 730 2463; x_wconf 88' lang='lat' dir='ltr'>mantissae</span> <span class='ocrx_word' id='word_1_122' title='bbox 764 2398 922 2482; x_wconf 88' lang='lat' dir='ltr'>quaedam</span> <span class='ocrx_word' id='word_1_123' title='bbox 951 2399 989 2462; x_wconf 91' lang='lat' dir='ltr'>de</span> <span class='ocrx_word' id='word_1_124' title='bbox 1012 2399 1138 2463; x_wconf 89' lang='lat' dir='ltr'>Aviano</span> <span class='ocrx_word' id='word_1_125' title='bbox 1173 2399 1354 2463; x_wconf 89' lang='lat' dir='ltr'>fabularum</span> 
     </span>
     <span class='ocr_line' id='line_1_20' title="bbox 212 2498 1354 2584; baseline -0.003 -20"><span class='ocrx_word' id='word_1_126' title='bbox 212 2503 341 2564; x_wconf 90' lang='lat' dir='ltr'>auctore</span> <span class='ocrx_word' id='word_1_127' title='bbox 369 2500 470 2564; x_wconf 88' lang='lat' dir='ltr'>altero</span> <span class='ocrx_word' id='word_1_128' title='bbox 499 2498 631 2584; x_wconf 84' lang='lat' dir='ltr'>Latino,</span> <span class='ocrx_word' id='word_1_129' title='bbox 665 2500 718 2564; x_wconf 88' lang='lat' dir='ltr'>sed</span> <span class='ocrx_word' id='word_1_130' title='bbox 749 2501 901 2577; x_wconf 75' lang='lat' dir='ltr'>breviter,</span> <span class='ocrx_word' id='word_1_131' title='bbox 934 2504 971 2564; x_wconf 91' lang='lat' dir='ltr'>ut</span> <span class='ocrx_word' id='word_1_132' title='bbox 1000 2501 1054 2582; x_wconf 87' lang='lat' dir='ltr'>qui</span> <span class='ocrx_word' id='word_1_133' title='bbox 1083 2505 1211 2565; x_wconf 88' lang='lat' dir='ltr'>acturus</span> <span class='ocrx_word' id='word_1_134' title='bbox 1233 2500 1293 2564; x_wconf 91' lang='lat' dir='ltr'>sim</span> <span class='ocrx_word' id='word_1_135' title='bbox 1316 2498 1354 2562; x_wconf 88' lang='lat' dir='ltr'>de</span> 
     </span>
     <span class='ocr_line' id='line_1_21' title="bbox 213 2600 1051 2685; baseline 0.002 -21"><span class='ocrx_word' id='word_1_136' title='bbox 213 2602 366 2685; x_wconf 85' lang='lat' dir='ltr'>scriptore</span> <span class='ocrx_word' id='word_1_137' title='bbox 388 2601 541 2667; x_wconf 89' lang='lat' dir='ltr'>mediocri</span> <span class='ocrx_word' id='word_1_138' title='bbox 563 2600 744 2685; x_wconf 86' lang='lat' dir='ltr'>admodum,</span> <span class='ocrx_word' id='word_1_139' title='bbox 767 2623 807 2665; x_wconf 85' lang='lat' dir='ltr'>ne</span> <span class='ocrx_word' id='word_1_140' title='bbox 831 2601 933 2665; x_wconf 90' lang='lat' dir='ltr'>dicam</span> <span class='ocrx_word' id='word_1_141' title='bbox 955 2602 1051 2666; x_wconf 87' lang='lat' dir='ltr'>futili.</span> 
     </span>
    </p>

    <p class='ocr_par' dir='ltr' id='par_1_10' title="bbox 212 2701 1357 4506">
     <span class='ocr_line' id='line_1_22' title="bbox 298 2701 1355 2787; baseline 0 -21"><span class='ocrx_word' id='word_1_142' title='bbox 298 2701 383 2766; x_wconf 83' lang='lat' dir='ltr'>Huic</span> <span class='ocrx_word' id='word_1_143' title='bbox 405 2724 601 2787; x_wconf 89' lang='lat' dir='ltr'>praenomen</span> <span class='ocrx_word' id='word_1_144' title='bbox 624 2725 643 2766; x_wconf 88' lang='lat' dir='ltr'>a</span> <span class='ocrx_word' id='word_1_145' title='bbox 664 2703 826 2786; x_wconf 88' lang='lat' dir='ltr'>plerisque</span> <span class='ocrx_word' id='word_1_146' title='bbox 848 2701 916 2765; x_wconf 81' lang='lat' dir='ltr'>indi</span> <span class='ocrx_word' id='word_1_147' title='bbox 937 2703 1032 2767; x_wconf 77' lang='lat' dir='ltr'>rideo</span> <span class='ocrx_word' id='word_1_148' title='bbox 1047 2703 1172 2782; x_wconf 79' lang='lat' dir='ltr'>Flavii,</span> <span class='ocrx_word' id='word_1_149' title='bbox 1197 2703 1272 2786; x_wconf 89' lang='lat' dir='ltr'>quia</span> <span class='ocrx_word' id='word_1_150' title='bbox 1295 2703 1355 2766; x_wconf 81' lang='lat' dir='ltr'>Ge·</span> 
     </span>
     <span class='ocr_line' id='line_1_23' title="bbox 213 2803 1355 2888; baseline -0.002 -20"><span class='ocrx_word' id='word_1_151' title='bbox 213 2804 324 2868; x_wconf 88' lang='lat' dir='ltr'>rardus</span> <span class='ocrx_word' id='word_1_152' title='bbox 346 2804 508 2868; x_wconf 88' lang='lat' dir='ltr'>Iohannes</span> <span class='ocrx_word' id='word_1_153' title='bbox 533 2803 664 2867; x_wconf 89' lang='lat' dir='ltr'>Vossius</span> <span class='ocrx_word' id='word_1_154' title='bbox 693 2809 726 2868; x_wconf 87' lang='lat' dir='ltr'>et</span> <span class='ocrx_word' id='word_1_155' title='bbox 754 2803 873 2888; x_wconf 79' lang='lat' dir='ltr'>Caspar</span> <span class='ocrx_word' id='word_1_156' title='bbox 896 2803 1048 2868; x_wconf 87' lang='lat' dir='ltr'>Barthius</span> <span class='ocrx_word' id='word_1_157' title='bbox 1076 2804 1108 2867; x_wconf 90' lang='lat' dir='ltr'>id</span> <span class='ocrx_word' id='word_1_158' title='bbox 1137 2805 1171 2868; x_wconf 92' lang='lat' dir='ltr'>in</span> <span class='ocrx_word' id='word_1_159' title='bbox 1193 2803 1355 2868; x_wconf 91' lang='lat' dir='ltr'>codicibus</span> 
     </span>
     <span class='ocr_line' id='line_1_24' title="bbox 213 2904 1352 2990; baseline -0.002 -20"><span class='ocrx_word' id='word_1_160' title='bbox 213 2907 278 2970; x_wconf 89' lang='lat' dir='ltr'>suis</span> <span class='ocrx_word' id='word_1_161' title='bbox 301 2905 493 2970; x_wconf 83' lang='lat' dir='ltr'>invenerint.</span> <span class='ocrx_word' id='word_1_162' title='bbox 539 2905 583 2968; x_wconf 81' lang='lat' dir='ltr'>Et</span> <span class='ocrx_word' id='word_1_163' title='bbox 610 2905 704 2969; x_wconf 88' lang='lat' dir='ltr'>credo</span> <span class='ocrx_word' id='word_1_164' title='bbox 724 2904 890 2989; x_wconf 87' lang='lat' dir='ltr'>Vossium,</span> <span class='ocrx_word' id='word_1_165' title='bbox 918 2905 1083 2970; x_wconf 88' lang='lat' dir='ltr'>hominem</span> <span class='ocrx_word' id='word_1_166' title='bbox 1110 2906 1352 2990; x_wconf 84' lang='lat' dir='ltr'>integerrimum</span> 
     </span>
     <span class='ocr_line' id='line_1_25' title="bbox 214 3006 1356 3093; baseline -0.003 -22"><span class='ocrx_word' id='word_1_167' title='bbox 214 3007 303 3093; x_wconf 82' lang='lat' dir='ltr'>(nam</span> <span class='ocrx_word' id='word_1_168' title='bbox 332 3008 370 3070; x_wconf 89' lang='lat' dir='ltr'>de</span> <span class='ocrx_word' id='word_1_169' title='bbox 392 3006 526 3071; x_wconf 88' lang='lat' dir='ltr'>Barthio</span> <span class='ocrx_word' id='word_1_170' title='bbox 557 3010 722 3089; x_wconf 86' lang='lat' dir='ltr'>suspectae</span> <span class='ocrx_word' id='word_1_171' title='bbox 752 3027 846 3090; x_wconf 87' lang='lat' dir='ltr'>saepe</span> <span class='ocrx_word' id='word_1_172' title='bbox 874 3007 948 3070; x_wconf 89' lang='lat' dir='ltr'>fidei</span> <span class='ocrx_word' id='word_1_173' title='bbox 977 3011 1106 3072; x_wconf 88' lang='lat' dir='ltr'>auctore</span> <span class='ocrx_word' id='word_1_174' title='bbox 1134 3007 1240 3070; x_wconf 89' lang='lat' dir='ltr'>minus</span> <span class='ocrx_word' id='word_1_175' title='bbox 1269 3008 1356 3070; x_wconf 89' lang='lat' dir='ltr'>certa</span> 
     </span>
     <span class='ocr_line' id='line_1_26' title="bbox 212 3106 1355 3190; baseline -0.003 -19"><span class='ocrx_word' id='word_1_176' title='bbox 212 3130 262 3171; x_wconf 88' lang='lat' dir='ltr'>res</span> <span class='ocrx_word' id='word_1_177' title='bbox 286 3111 345 3190; x_wconf 78' lang='lat' dir='ltr'>est)</span> <span class='ocrx_word' id='word_1_178' title='bbox 369 3108 529 3171; x_wconf 83' lang='lat' dir='ltr'>invenisse</span> <span class='ocrx_word' id='word_1_179' title='bbox 557 3108 620 3171; x_wconf 90' lang='lat' dir='ltr'>hoo</span> <span class='ocrx_word' id='word_1_180' title='bbox 641 3129 774 3189; x_wconf 87' lang='lat' dir='ltr'>nomen,</span> <span class='ocrx_word' id='word_1_181' title='bbox 803 3107 888 3190; x_wconf 90' lang='lat' dir='ltr'>quod</span> <span class='ocrx_word' id='word_1_182' title='bbox 919 3106 1041 3170; x_wconf 88' lang='lat' dir='ltr'>ultimis</span> <span class='ocrx_word' id='word_1_183' title='bbox 1069 3108 1196 3190; x_wconf 90' lang='lat' dir='ltr'>imperii</span> <span class='ocrx_word' id='word_1_184' title='bbox 1218 3106 1355 3172; x_wconf 79' lang='lat' dir='ltr'>Romani</span> 
     </span>
     <span class='ocr_line' id='line_1_27' title="bbox 212 3208 1354 3292; baseline 0.002 -20"><span class='ocrx_word' id='word_1_185' title='bbox 212 3209 411 3292; x_wconf 88' lang='lat' dir='ltr'>temporibus</span> <span class='ocrx_word' id='word_1_186' title='bbox 433 3208 605 3272; x_wconf 89' lang='lat' dir='ltr'>admodum</span> <span class='ocrx_word' id='word_1_187' title='bbox 627 3208 782 3272; x_wconf 90' lang='lat' dir='ltr'>usitatum</span> <span class='ocrx_word' id='word_1_188' title='bbox 804 3208 902 3274; x_wconf 84' lang='lat' dir='ltr'>fuisse</span> <span class='ocrx_word' id='word_1_189' title='bbox 925 3211 1047 3272; x_wconf 89' lang='lat' dir='ltr'>norunt</span> <span class='ocrx_word' id='word_1_190' title='bbox 1069 3229 1189 3273; x_wconf 87' lang='lat' dir='ltr'>omnes.</span> <span class='ocrx_word' id='word_1_191' title='bbox 1232 3208 1354 3274; x_wconf 82' lang='lat' dir='ltr'>Tamen</span> 
     </span>
     <span class='ocr_line' id='line_1_28' title="bbox 212 3309 1355 3394; baseline -0.002 -20"><span class='ocrx_word' id='word_1_192' title='bbox 212 3331 316 3394; x_wconf 89' lang='lat' dir='ltr'>neque</span> <span class='ocrx_word' id='word_1_193' title='bbox 338 3310 419 3373; x_wconf 90' lang='lat' dir='ltr'>mihi</span> <span class='ocrx_word' id='word_1_194' title='bbox 441 3331 545 3394; x_wconf 86' lang='lat' dir='ltr'>neque</span> <span class='ocrx_word' id='word_1_195' title='bbox 561 3309 766 3374; x_wconf 87' lang='lat' dir='ltr'>Lachmanno</span> <span class='ocrx_word' id='word_1_196' title='bbox 783 3314 839 3374; x_wconf 86' lang='lat' dir='ltr'>aut</span> <span class='ocrx_word' id='word_1_197' title='bbox 853 3309 1038 3374; x_wconf 81' lang='lat' dir='ltr'>Froehnero</span> <span class='ocrx_word' id='word_1_198' title='bbox 1059 3314 1115 3374; x_wconf 87' lang='lat' dir='ltr'>ant</span> <span class='ocrx_word' id='word_1_199' title='bbox 1129 3309 1184 3374; x_wconf 90' lang='lat' dir='ltr'>alii</span> <span class='ocrx_word' id='word_1_200' title='bbox 1208 3309 1355 3393; x_wconf 85' lang='lat' dir='ltr'>cuiquam</span> 
     </span>
     <span class='ocr_line' id='line_1_29' title="bbox 213 3410 1354 3495; baseline -0.001 -21"><span class='ocrx_word' id='word_1_201' title='bbox 213 3410 398 3476; x_wconf 88' lang='lat' dir='ltr'>mortalium</span> <span class='ocrx_word' id='word_1_202' title='bbox 431 3433 574 3495; x_wconf 90' lang='lat' dir='ltr'>unquam</span> <span class='ocrx_word' id='word_1_203' title='bbox 595 3410 680 3474; x_wconf 90' lang='lat' dir='ltr'>idem</span> <span class='ocrx_word' id='word_1_204' title='bbox 702 3413 864 3493; x_wconf 88' lang='lat' dir='ltr'>repertum</span> <span class='ocrx_word' id='word_1_205' title='bbox 886 3411 921 3474; x_wconf 91' lang='lat' dir='ltr'>in</span> <span class='ocrx_word' id='word_1_206' title='bbox 943 3411 1151 3494; x_wconf 85' lang='lat' dir='ltr'>membranis,</span> <span class='ocrx_word' id='word_1_207' title='bbox 1179 3411 1214 3474; x_wconf 89' lang='lat' dir='ltr'>in</span> <span class='ocrx_word' id='word_1_208' title='bbox 1237 3410 1354 3493; x_wconf 89' lang='lat' dir='ltr'>quibus</span> 
     </span>
     <span class='ocr_line' id='line_1_30' title="bbox 213 3511 1352 3596; baseline 0 -20"><span class='ocrx_word' id='word_1_209' title='bbox 213 3513 330 3577; x_wconf 91' lang='lat' dir='ltr'>dicitnr</span> <span class='ocrx_word' id='word_1_210' title='bbox 351 3513 499 3578; x_wconf 80' lang='lat' dir='ltr'>Avienus</span> <span class='ocrx_word' id='word_1_211' title='bbox 520 3512 572 3576; x_wconf 89' lang='lat' dir='ltr'>vel</span> <span class='ocrx_word' id='word_1_212' title='bbox 594 3511 770 3591; x_wconf 87' lang='lat' dir='ltr'>interdum,</span> <span class='ocrx_word' id='word_1_213' title='bbox 800 3512 855 3576; x_wconf 88' lang='lat' dir='ltr'>sed</span> <span class='ocrx_word' id='word_1_214' title='bbox 884 3535 956 3578; x_wconf 90' lang='lat' dir='ltr'>raro</span> <span class='ocrx_word' id='word_1_215' title='bbox 986 3512 1174 3596; x_wconf 84' lang='lat' dir='ltr'>admodum,</span> <span class='ocrx_word' id='word_1_216' title='bbox 1202 3511 1352 3577; x_wconf 77' lang='lat' dir='ltr'>Adienos.</span> 
     </span>
     <span class='ocr_line' id='line_1_31' title="bbox 212 3612 1355 3698; baseline -0.002 -20"><span class='ocrx_word' id='word_1_217' title='bbox 212 3614 324 3698; x_wconf 87' lang='lat' dir='ltr'>Itaque</span> <span class='ocrx_word' id='word_1_218' title='bbox 351 3615 498 3678; x_wconf 89' lang='lat' dir='ltr'>inlibris</span> <span class='ocrx_word' id='word_1_219' title='bbox 526 3615 595 3680; x_wconf 81' lang='lat' dir='ltr'>istis</span> <span class='ocrx_word' id='word_1_220' title='bbox 618 3612 726 3678; x_wconf 87' lang='lat' dir='ltr'>Vossii</span> <span class='ocrx_word' id='word_1_221' title='bbox 749 3635 785 3678; x_wconf 90' lang='lat' dir='ltr'>ac</span> <span class='ocrx_word' id='word_1_222' title='bbox 808 3613 933 3678; x_wconf 89' lang='lat' dir='ltr'>Barthii</span> <span class='ocrx_word' id='word_1_223' title='bbox 956 3614 1239 3698; x_wconf 86' lang='lat' dir='ltr'>qualibuscumque</span> <span class='ocrx_word' id='word_1_224' title='bbox 1261 3613 1355 3678; x_wconf 90' lang='lat' dir='ltr'>credo</span> 
     </span>
     <span class='ocr_line' id='line_1_32' title="bbox 213 3714 1357 3799; baseline 0 -21"><span class='ocrx_word' id='word_1_225' title='bbox 213 3715 335 3778; x_wconf 89' lang='lat' dir='ltr'>dictum</span> <span class='ocrx_word' id='word_1_226' title='bbox 362 3720 491 3798; x_wconf 86' lang='lat' dir='ltr'>poetam</span> <span class='ocrx_word' id='word_1_227' title='bbox 519 3720 575 3779; x_wconf 88' lang='lat' dir='ltr'>aut</span> <span class='ocrx_word' id='word_1_228' title='bbox 600 3715 656 3780; x_wconf 83' lang='lat' dir='ltr'>Fl.</span> <span class='ocrx_word' id='word_1_229' title='bbox 680 3717 859 3793; x_wconf 75' lang='lat' dir='ltr'>Anionem,</span> <span class='ocrx_word' id='word_1_230' title='bbox 890 3714 1034 3780; x_wconf 88' lang='lat' dir='ltr'>adhibita</span> <span class='ocrx_word' id='word_1_231' title='bbox 1061 3719 1153 3798; x_wconf 85' lang='lat' dir='ltr'>nota,</span> <span class='ocrx_word' id='word_1_232' title='bbox 1183 3737 1246 3799; x_wconf 89' lang='lat' dir='ltr'>qua</span> <span class='ocrx_word' id='word_1_233' title='bbox 1274 3714 1357 3778; x_wconf 87' lang='lat' dir='ltr'>solet</span> 
     </span>
     <span class='ocr_line' id='line_1_33' title="bbox 214 3815 1355 3900; baseline -0.001 -22"><span class='ocrx_word' id='word_1_234' title='bbox 214 3816 280 3880; x_wconf 89' lang='lat' dir='ltr'>fere</span> <span class='ocrx_word' id='word_1_235' title='bbox 309 3815 406 3879; x_wconf 87' lang='lat' dir='ltr'>scribi</span> <span class='ocrx_word' id='word_1_236' title='bbox 434 3815 587 3896; x_wconf 77' lang='lat' dir='ltr'>Flaviae,</span> <span class='ocrx_word' id='word_1_237' title='bbox 623 3820 759 3899; x_wconf 78' lang='lat' dir='ltr'>ortoque</span> <span class='ocrx_word' id='word_1_238' title='bbox 788 3837 895 3880; x_wconf 89' lang='lat' dir='ltr'>errore</span> <span class='ocrx_word' id='word_1_239' title='bbox 924 3822 962 3880; x_wconf 79' lang='lat' dir='ltr'>eir</span> <span class='ocrx_word' id='word_1_240' title='bbox 991 3817 1179 3900; x_wconf 88' lang='lat' dir='ltr'>compendio</span> <span class='ocrx_word' id='word_1_241' title='bbox 1208 3815 1355 3881; x_wconf 85' lang='lat' dir='ltr'>vocabuli</span> 
     </span>
     <span class='ocr_line' id='line_1_34' title="bbox 212 3917 1357 4002; baseline -0.003 -20"><span class='ocrx_word' id='word_1_242' title='bbox 212 3919 399 3998; x_wconf 73' lang='lat' dir='ltr'>[obulorum</span> <span class='ocrx_word' id='word_1_243' title='bbox 427 3918 509 3982; x_wconf 89' lang='lat' dir='ltr'>male</span> <span class='ocrx_word' id='word_1_244' title='bbox 537 3917 718 4000; x_wconf 85' lang='lat' dir='ltr'>intellecto,</span> <span class='ocrx_word' id='word_1_245' title='bbox 753 3917 838 4000; x_wconf 92' lang='lat' dir='ltr'>quod</span> <span class='ocrx_word' id='word_1_246' title='bbox 867 3940 1034 4002; x_wconf 89' lang='lat' dir='ltr'>perperam</span> <span class='ocrx_word' id='word_1_247' title='bbox 1063 3919 1130 3982; x_wconf 87' lang='lat' dir='ltr'>eius</span> <span class='ocrx_word' id='word_1_248' title='bbox 1158 3917 1285 3980; x_wconf 90' lang='lat' dir='ltr'>nomini</span> <span class='ocrx_word' id='word_1_249' title='bbox 1315 3917 1357 3980; x_wconf 89' lang='lat' dir='ltr'>sit</span> 
     </span>
     <span class='ocr_line' id='line_1_35' title="bbox 214 4017 1357 4103; baseline -0.001 -22"><span class='ocrx_word' id='word_1_250' title='bbox 214 4019 432 4102; x_wconf 83' lang='lat' dir='ltr'>praepositum</span> <span class='ocrx_word' id='word_1_251' title='bbox 466 4019 547 4102; x_wconf 85' lang='lat' dir='ltr'>(eius</span> <span class='ocrx_word' id='word_1_252' title='bbox 580 4019 627 4083; x_wconf 90' lang='lat' dir='ltr'>rei</span> <span class='ocrx_word' id='word_1_253' title='bbox 662 4018 764 4082; x_wconf 89' lang='lat' dir='ltr'>simile</span> <span class='ocrx_word' id='word_1_254' title='bbox 799 4020 979 4103; x_wconf 85' lang='lat' dir='ltr'>exemplum</span> <span class='ocrx_word' id='word_1_255' title='bbox 1011 4019 1148 4084; x_wconf 90' lang='lat' dir='ltr'>habetur</span> <span class='ocrx_word' id='word_1_256' title='bbox 1180 4018 1214 4081; x_wconf 92' lang='lat' dir='ltr'>in</span> <span class='ocrx_word' id='word_1_257' title='bbox 1248 4017 1357 4082; x_wconf 91' lang='lat' dir='ltr'>codice</span> 
     </span>
     <span class='ocr_line' id='line_1_36' title="bbox 216 4117 1357 4205; baseline -0.001 -23"><span class='ocrx_word' id='word_1_258' title='bbox 216 4117 523 4205; x_wconf 84' lang='lat' dir='ltr'>Wissemburgensi,</span> <span class='ocrx_word' id='word_1_259' title='bbox 559 4121 649 4185; x_wconf 90' lang='lat' dir='ltr'>cuius</span> <span class='ocrx_word' id='word_1_260' title='bbox 676 4120 711 4184; x_wconf 90' lang='lat' dir='ltr'>in</span> <span class='ocrx_word' id='word_1_261' title='bbox 740 4120 950 4204; x_wconf 85' lang='lat' dir='ltr'>inscriptione</span> <span class='ocrx_word' id='word_1_262' title='bbox 978 4121 1052 4185; x_wconf 91' lang='lat' dir='ltr'>libri</span> <span class='ocrx_word' id='word_1_263' title='bbox 1081 4119 1212 4185; x_wconf 88' lang='lat' dir='ltr'>secundi</span> <span class='ocrx_word' id='word_1_264' title='bbox 1239 4119 1357 4204; x_wconf 84' lang='lat' dir='ltr'>legitur</span> 
     </span>
     <span class='ocr_line' id='line_1_37' title="bbox 215 4220 1357 4307; baseline -0.001 -21"><span class='ocrx_word' id='word_1_265' title='bbox 215 4221 331 4303; x_wconf 74' lang='lat' dir='ltr'>Aesopi</span> <span class='ocrx_word' id='word_1_266' title='bbox 356 4223 446 4302; x_wconf 79' lang='lat' dir='ltr'>sobri</span> <span class='ocrx_word' id='word_1_267' title='bbox 475 4243 533 4304; x_wconf 89' lang='lat' dir='ltr'>pro</span> <span class='ocrx_word' id='word_1_268' title='bbox 563 4221 679 4304; x_wconf 74' lang='lat' dir='ltr'>Aesopi</span> <span class='ocrx_word' id='word_1_269' title='bbox 707 4220 909 4307; x_wconf 76' lang='lat' dir='ltr'>fabularum)</span> <span class='ocrx_word' id='word_1_270' title='bbox 938 4225 994 4286; x_wconf 85' lang='lat' dir='ltr'>aut</span> <span class='ocrx_word' id='word_1_271' title='bbox 1021 4222 1129 4306; x_wconf 85' lang='lat' dir='ltr'>potius</span> <span class='ocrx_word' id='word_1_272' title='bbox 1157 4220 1357 4285; x_wconf 79' lang='lat' dir='ltr'>Flauianum</span> 
     </span>
     <span class='ocr_line' id='line_1_38' title="bbox 216 4321 1353 4407; baseline 0 -21"><span class='ocrx_word' id='word_1_273' title='bbox 216 4346 254 4386; x_wconf 87' lang='lat' dir='ltr'>ex</span> <span class='ocrx_word' id='word_1_274' title='bbox 284 4321 367 4386; x_wconf 89' lang='lat' dir='ltr'>mala</span> <span class='ocrx_word' id='word_1_275' title='bbox 394 4322 615 4386; x_wconf 87' lang='lat' dir='ltr'>recordatione</span> <span class='ocrx_word' id='word_1_276' title='bbox 642 4323 842 4407; x_wconf 83' lang='lat' dir='ltr'>grammatici</span> <span class='ocrx_word' id='word_1_277' title='bbox 872 4323 1033 4407; x_wconf 82' lang='lat' dir='ltr'>Flaviani,</span> <span class='ocrx_word' id='word_1_278' title='bbox 1061 4324 1151 4387; x_wconf 89' lang='lat' dir='ltr'>cuius</span> <span class='ocrx_word' id='word_1_279' title='bbox 1174 4343 1267 4406; x_wconf 88' lang='lat' dir='ltr'>saepe</span> <span class='ocrx_word' id='word_1_280' title='bbox 1291 4343 1353 4386; x_wconf 91' lang='lat' dir='ltr'>me-</span> 
     </span>
     <span class='ocr_line' id='line_1_39' title="bbox 216 4423 793 4506; baseline 0 -18"><span class='ocrx_word' id='word_1_281' title='bbox 216 4423 380 4488; x_wconf 83' lang='lat' dir='ltr'>minerunt</span> <span class='ocrx_word' id='word_1_282' title='bbox 402 4423 498 4487; x_wconf 91' lang='lat' dir='ltr'>medii</span> <span class='ocrx_word' id='word_1_283' title='bbox 521 4423 590 4488; x_wconf 82' lang='lat' dir='ltr'>aevi</span> <span class='ocrx_word' id='word_1_284' title='bbox 613 4423 793 4506; x_wconf 80' lang='lat' dir='ltr'>scriptores</span> 
     </span>
    </p>
   </div>
   <div class='ocr_carea' id='block_1_8' title="bbox 0 0 1662 5110">
    <p class='ocr_par' dir='ltr' id='par_1_11' title="bbox 0 0 1662 5110">
     <span class='ocr_line' id='line_1_40' title="bbox 0 0 1662 5110; baseline 0 0"><span class='ocrx_word' id='word_1_285' title='bbox 0 0 1662 5110; x_wconf 95' lang='lat' dir='ltr'> </span> 
     </span>
    </p>
   </div>
  </div>
 </body>
</html>
