3298 5110
748 243 1010 350 *ra-s

276 445 307 506 et
329 441 518 524 prudentem
543 439 642 503 vitam
664 439 862 524 posse‘cogi,
885 461 944 504 nec
965 439 1044 505 alias
1067 439 1284 523 infrequentia
1306 439 1417 503 veteri-

276 543 345 607 bus.
377 543 546 607 Praeterea
568 541 603 604 in
625 541 799 624 appendice
822 542 973 625 leguntur
995 541 1074 606 duae
1097 541 1225 605 fabulae
1249 541 1303 622 (20
1315 543 1347 603 et
1361 540 1417 624 28)

277 644 465 729 simpliciter·
480 665 518 706 ex
540 643 674 708 historia
691 643 830 708 naturali
852 647 978 726 petitae,
1004 665 1041 706 ex
1064 643 1180 726 quibus
1204 642 1313 724 altera,
1337 662 1417 724 quae

278 750 326 811 est
349 744 386 810 de
409 745 499 823 fibro,
523 745 620 809 etiarn
643 744 727 829 apud
750 746 914 828 Aesopum
935 766 959 808 s.
984 743 1096 808 11180
1119 743 1166 808 ed.
1190 743 1297 806 Halm.
1321 745 1417 806 extat.

360 846 427 912 Has
463 852 572 910 tamen
609 869 687 929 quas
724 847 900 911 memoravi
937 836 1136 910 diversitates
1170 844 1317 929 equidem
1351 865 1419 908 non

276 949 413 1014 arbitror
440 969 507 1012 csse
536 948 635 1031 tanti,
669 951 705 1012 ut
733 948 948 1012 abiudicemus
977 947 1185 1030 appendicem
1214 944 1417 1028 aPhaedr03

277 1051 310 1114 id
332 1049 417 1133 quod
439 1072 479 1114 ne
503 1070 539 1113 ea
561 1049 689 1133 quidem
717 1071 751 1113 re
781 1048 865 1112 effici
894 1070 978 1126 reor,
1009 1048 1095 1132 quod
1122 1048 1223 1113 critici
1250 1047 1418 1117 inferiores

277 1151 408 1235 reliquis
431 1150 572 1215 eiusdem
594 1151 733 1216 auctoris
755 1149 910 1234 poematis
935 1171 1002 1214 esse
1024 1149 1149 1214 fabulas
1175 1149 1233 1213 has
1256 1171 1350 1232 saepe
1374 1148 1418 1212 di-

276 1257 399 1316 xerunt.
445 1253 588 1317 Primum
617 1253 703 1316 enim
732 1253 828 1317 etiarn
856 1252 891 1316 in
920 1251 1096 1335 appendice
1123 1251 1235 1315 insunt
1263 1249 1419 1334 quaedam

274 1354 403 1419 fabulae
431 1354 577 1439 egregiae
605 1358 637 1418 et
664 1355 704 1419 ab
733 1355 821 1419 omni
848 1375 949 1438 prope
978 1357 1068 1437 parte
1096 1353 1255 1437 perfectae
1278 1355 1314 1416 ut
1340 1355 1364 1435 1,
1389 1353 1418 1435 7,

281 1456 333 1538 11,
360 1455 413 1539 12,
439 1455 492 1539 16,
519 1455 573 1539 18,
597 1456 652 1538 24,
676 1455 727 1520 25.
773 1455 944 1520 Praeterea
970 1456 1005 1519 in
1032 1455 1119 1520 haud
1147 1455 1251 1518 dubiis
1280 1453 1418 1518 Phaedri

276 1557 393 1622 fabulis
415 1558 516 1623 multa
538 1557 644 1621 minus
666 1556 807 1640 propitio
826 1557 975 1640 Apolline
991 1579 1058 1622 esse
1074 1557 1192 1641 scripta
1208 1555 1416 1621 consent‘tur.

277 1657 411 1723 Accedit
440 1658 524 1742 quod
556 1657 684 1722 fabulae
712 1680 815 1723 novae
841 1659 914 1723 illae
942 1659 1052 1742 utique
1082 1680 1121 1722 ex
1154 1658 1243 1722 libris
1275 1681 1294 1722 a
1322 1657 1417 1722 tertio

279 1759 353 1824 inde
368 1759 504 1823 Phaedri
520 1763 596 1824 sunt
611 1761 740 1842 petitae,
765 1761 820 1844 qui
836 1760 1007 1824 virtutibus
1022 1759 1156 1843 poeticis
1172 1760 1289 1824 cedunt
1303 1759 1418 1843 primo,

277 1862 394 1946 partim
417 1861 492 1945 quia
510 1861 631 1925 fractus
647 1861 882 1926 calamitatibus
897 1861 1061 1926 Phaedrus
1084 1861 1207 1925 minore
1231 1865 1299 1925 erat·
1321 1883 1418 1944 quam

278 1966 352 2028 ante
373 1962 497 2048 ingenii
513 1962 685 2046 alacritate,
709 1963 826 2046 partim
849 1963 924 2046 quia
945 1964 980 2027 in
1002 1963 1102 2027 isdem
1124 1963 1289 2045 aliquanto
1312 1963 1418 2026 minus

278 2065 342 2128 iam
365 2064 486 2147 Aesopi
509 2064 699 2128 observabat
721 2064 910 2148 exemplum.
954 2064 1054 2129 Porro
1079 2086 1160 2144 eum,
1183 2063 1272 2128 cuius
1296 2067 1344 2127 est
1366 2086 1419 2146 ap-

278 2165 405 2249 pendix,
428 2166 524 2230 etiam
539 2167 644 2248 ipsum
660 2165 757 2230 fuisse
773 2167 863 2230 tenui
879 2166 1011 2230 fortuna
1031 2165 1257 2248 fautorumque
1273 2165 1419 2250 indigum

280 2271 413 2352 apparet
435 2289 530 2332 carm.
549 2267 595 2345 12,
621 2268 707 2350 quod
722 2266 757 2330 in
771 2267 958 2332 memoriam
980 2271 1110 2332 revocat
1132 2265 1336 2350 Ρ11.ΙΠ,12,
1359 2288 1419 2330 nec

279 2369 414 2433 eundern
441 2369 582 2432 minores
604 2369 749 2434 Phaedro
779 2370 913 2454 gessisse
942 2371 1071 2452 spiritus
1101 2370 1255 2453 probatur
1278 2368 1417 2452 epilogo.

283 2470 430 2554 Denique
452 2469 565 2534 similis
588 2471 623 2534 in
646 2474 780 2553 utroque
803 2470 966 2535 acerbitas.

364 2571 527 2647 Quantum
554 2571 594 2635 ad
622 2572 806 2650 dictionem,
840 2573 979 2657 primum
1012 2572 1178 2636 brevitatis
1211 2571 1352 2635 studium
1384 2572 1418 2634 in

280 2678 414 2757 utraque
436 2672 503 2736 fere
525 2674 648 2758 sylloge
671 2676 812 2757 apparet.
857 2672 981 2738 Deinde
1004 2673 1030 2737 si
1055 2671 1243 2738 manifestos
1266 2673 1418 2756 quosdam

279 2775 402 2839 Perotti
426 2797 548 2840 errores
571 2775 759 2859 correxeriS,
781 2775 863 2840 nihil
886 2779 965 2859 puto
988 2775 1135 2860 reperiri,
1159 2773 1244 2858 quod
1267 2777 1323 2838 aut
1345 2773 1419 2838 alie·

257 2899 357 2940 ·num
390 2877 432 2941 sit
463 2899 483 2941 a
512 2877 671 2941 latinitate
704 2881 761 2941 aut
792 2878 961 2962 indignum
994 2876 1150 2942 Phaedro.
1203 2874 1288 2950 Quin
1322 2875 1418 2938 etiam

279 2977 437 3042 notabiles
463 2978 638 3042 nonnullae
665 2977 816 3062 Phaedri,
845 2979 984 3044 hominis
1012 2980 1046 3043 in
1075 2978 1215 3043 dictione
1248 2976 1324 3041 satis
1358 2976 1419 3040 sibi

280 3079 472 3158 constantis,
501 3079 713 3163 proprietates
742 3080 867 3144 dicendi
895 3085 1064 3146 recurrunt
1085 3081 1120 3144 in
1141 3081 1211 3163 ipsa
1233 3077 1418 3163 appendice,

280 3185 316 3246 ut
340 3183 375 3264 l,
401 3183 417 3244 1
446 3183 558 3246 simius
579 3203 637 3264 pro
660 3183 755 3246 simio
779 3181 808 3263 (I
817 3232 825 3265 ,
851 3182 903 3265 10,
927 3183 963 3266 6,
994 3182 1026 3264 8)
1035 3181 1044 3265 ,
1072 3183 1105 3265 6,
1128 3181 1149 3244 4
1182 3181 1291 3263 eclipto
1319 3179 1420 3243 instar

280 3283 421 3346 numinis
444 3282 587 3346 adhibita
609 3283 682 3367 (IV,
704 3284 799 3366 11,4;
822 3283 847 3367 l,
862 3285 913 3368 27,
932 3284 976 3368 6),
999 3285 1086 3368 6,14
1109 3285 1194 3364 turpi
1215 3287 1323 3364 stupro
1347 3280 1419 3365 (ΙΙΙ,

284 3385 332 3467 10,
359 3385 419 3467 17),
443 3384 472 3466 8,
498 3385 535 3447 13
558 3389 733 3450 castrorum
755 3387 887 3451 dedecus
910 3385 949 3470 (1,
972 3385 1023 3464 21,
1049 3387 1084 3447 11
1110 3389 1245 3448 araturae
1266 3384 1418 3470 dedecus).

280 3505 422 3568 preceque
442 3506 501 3568 pro
523 3489 666 3567 utroque,
693 3484 731 3570 (I,
755 3487 805 3569 24,
829 3487 847 3550 8
870 3488 941 3568 peris
962 3508 1020 3570 pro
1042 3487 1142 3572 ater),
1164 3486 1193 3568 3,
1220 3486 1257 3549 13
1279 3485 1418 3549 validius

281 3587 352 3672 (IV,
375 3586 449 3670 epil.
472 3587 521 3672 9),
550 3587 733 3652 mehercules
756 3585 834 3670 (HI,
860 3588 907 3666 17,
932 3588 980 3669 8),
1013 3592 1082 3652 tota
1108 3587 1187 3652 adeo
1216 3585 1419 3650 hemistichia

283 3689 332 3771 15,
352 3690 372 3752 3
394 3692 514 3770 uestem,
537 3690 668 3753 uniones
692 3687 763 3772 (IV,
786 3688 815 3772 5,
839 3689 909 3772 36),
935 3689 985 3772 23,
1009 3689 1202 3771 ssproedom
1225 3689 1343 3754 diratsit
1365 3686 1419 3770 (V,

284 3790 332 3872 10,
357 3790 401 3874 6),
423 3790 474 3871 30,
497 3791 517 3854 3
538 3790 618 3870 forte
641 3790 814 3854 occucurrit
836 3788 907 3874 (ΙΙΙ,
931 3792 958 3868 7,
975 3791 1018 3870 3).
1065 3789 1259 3854 Graecorum
1282 3789 1419 3853 voeabu-

281 3891 386 3955 lorum
414 3891 535 3974 pariter
562 3893 657 3973 atque
684 3891 954 3955 deminutivorum
978 3913 1052 3955 usus
1074 3891 1109 3955 in
1131 3890 1306 3974 appendice
1329 3894 1365 3954 ut
1387 3889 1420 3952 in

282 3991 413 4075 reliquis
441 3991 559 4055 fabulis
581 3991 741 4074 frequens,
787 3991 832 4056 Vt
858 3993 1017 4056 abstracta
1046 4013 1103 4074 pro
1133 3991 1289 4056 concretis
1316 3990 1421 4075 posita

265 4093 447 4177 xaliquanto
471 4092 572 4157 rarius
595 4093 801 4158 inveniantur
823 4093 858 4156 in
881 4116 927 4177 ea,
955 4092 1015 4156 hac
1038 4092 1115 4175 sola,
1142 4096 1289 4176 utputo,
1314 4091 1421 4155 evenit

283 4217 392 4272 causa,
426 4193 512 4279 quod
545 4194 628 4278 apud
658 4194 825 4258 Perottum
858 4193 1039 4259 fabularum
1069 4193 1207 4257 Phaedri
1237 4192 1421 4277 promythia

282 4297 348 4362 sive
372 4295 547 4380 epimythia
569 4318 670 4379 paene
694 4296 802 4361 omnia
823 4295 963 4380 pedestri
986 4317 1131 4360 sermone
1154 4299 1230 4360 sunt
1251 4296 1383 4358 mutata.

368 4396 515 4483 Denique
544 4397 677 4463 metrica
705 4419 755 4463 ars
784 4397 968 4484 appendicis
998 4397 1178 4462 fabularum
1208 4400 1275 4462 tam
1307 4393 1420 4458 similis
