3298 5110
692 307 900 370 „29-

225 463 330 526 minus
353 457 424 545 ipsa
444 460 564 544 fabula,
588 482 651 544 qua
672 462 779 543 potius
803 461 962 544 candoris,
983 463 1016 524 et
1038 461 1118 525 adeo
1140 461 1248 545 nimii,
1271 484 1366 545 quam

224 563 364 628 invidiae
388 562 485 626 ullius
506 561 699 645 proponitur
714 561 905 645 exemplum.
943 561 1035 637 Quod
1058 584 1131 627 cum
1153 563 1199 626 ita
1220 563 1271 646 sit,
1293 567 1368 646 post

156 656 161 663 ’
212 664 396 748 prologum
419 685 517 727 unam
540 653 625 727 certe
647 662 790 726 fabulam
813 663 966 726 excidisse
989 664 1142 747 suspicor.

311 764 460 829 Ceterum
488 765 565 828 satis
595 767 722 828 constat
748 764 845 828 verba
874 765 1050 847 promytbii
1078 764 1254 843 Perottini‚
1286 787 1366 849 quae

226 888 323 948 supra
342 867 492 949 apposui,
521 887 578 948 per
606 864 888 948 interpolationem
912 865 1019 929 addita
1042 887 1109 930 esse
1131 865 1207 930 huic
1229 866 1367 950 fabulae,

226 968 327 1050 petita
349 966 406 1030 illa
428 988 466 1030 ex
489 967 699 1050 inscriptione
727 965 791 1030 fab.
815 989 887 1050 app.
912 966 1032 1031 Perott.
1057 969 1086 1049 8,
1114 989 1176 1050 qua
1199 969 1307 1052 agitur·
1329 969 1367 1031 de

228 1091 265 1132 eo
289 1068 344 1152 qui
368 1090 440 1132 oum
462 1069 623 1132 videretur
639 1089 706 1131 esse
721 1067 871 1132 cinaedus
887 1071 971 1132 esset
985 1068 1035 1139 vir
1049 1069 1144 1132 fortis
1161 1072 1193 1133 et
1207 1072 1365 1136 strenuus.

227 1169 271 1233 Et
298 1169 374 1232 huic
402 1170 529 1253 quidem
558 1170 692 1233 carmini
719 1170 846 1254 egregie
872 1170 1025 1233 convenit
1052 1170 1261 1253 promythion
1289 1171 1365 1234 tale:

228 1293 324 1354 quam
345 1270 476 1334 difficile
499 1271 542 1333 sit
562 1270 726 1333 hominem
749 1291 854 1334 nosse.
892 1269 1013 1334 Contra
1034 1271 1129 1353 plane
1151 1272 1298 1354 ineptum
1320 1276 1369 1336 est

228 1376 261 1436 et
283 1372 424 1436 alienum
452 1373 491 1435 ab
521 1370 610 1434 omni
637 1370 864 1453 probabilitate
878 1370 1067 1439 Phaedrum
1095 1372 1292 1437 existimasse
1320 1395 1367 1436 re-

228 1496 303 1540 vera
325 1473 466 1537 decuisse
489 1472 718 1555 Menandrum,
749 1473 827 1536 adeo
850 1475 887 1535 ut
908 1472 991 1536 nihil
1013 1457 1130 1558 inagis,
1153 1473 1299 1538 habitum
1323 1475 1366 1538 ci·

228 1575 395 1639 naedicum
422 1576 455 1637 et
482 1574 667 1655 delicatum,
702 1576 733 1637 et
760 1573 878 1637 iniuste
912 1574 1013 1658 egisse
1046 1572 1259 1649 Demetrium,
1296 1596 1366 1639 cunr

230 1698 303 1739 eum
325 1675 581 1758 reprehenderet.
626 1674 763 1739 Videtur
795 1675 903 1757 potius
937 1675 1033 1739 etiam
1066 1675 1126 1740 hac
1159 1675 1268 1740 fabula
1300 1698 1370 1759 per·

228 1776 393 1856 strinxisse
416 1777 465 1840 sui
488 1777 641 1861 temporis
664 1775 792 1840 criticos
820 1780 930 1859 poeta,
960 1776 1174 1862 comparando
1204 1800 1276 1842 cum
1306 1800 1370 1841 ma-

231 1878 379 1962 lignitate
395 1879 524 1957 horum,
541 1878 657 1963 quibus
671 1898 838 1961 nunquam
853 1879 1033 1961 praesentia
1048 1878 1135 1942 bona
1148 1879 1370 1961 probarentur,

229 1980 392 2062 praeteriti
417 1981 587 2045 candorem
609 1978 744 2062 saeculi,
767 1979 852 2063 quod
875 1979 925 2043 vel
949 1983 1059 2063 aperta
1081 1980 1161 2044 vitia
1183 1980 1216 2043 in
1239 1981 1370 2063 scripto-

228 2082 316 2144 ribus
338 2083 463 2166 magnis
485 2082 579 2146 facile
601 2081 736 2145 tulisset.

313 2182 354 2265 V,
376 2184 406 2266 3,
431 2184 579 2262 11-13:

418 2300 471 2352 hoc
490 2301 657 2367 argumento
675 2299 785 2353 veniam
804 2299 973 2365 derideret,

417 2384 466 2453 qui
484 2401 549 2438 casu
567 2384 674 2454 peccat,
694 2401 777 2451 quam
797 2385 845 2453 qui
864 2384 980 2438 consilio
998 2390 1041 2438 est
1058 2400 1168 2438 nocens.

414 2467 495 2522 illum
513 2485 572 2523 esse
590 2467 688 2538 quavis
706 2469 823 2538 dignum
841 2483 933 2538 poena
950 2467 1051 2526 iudico,

313 2570 363 2634 Ex
384 2571 435 2635 his
457 2571 596 2654 primum
623 2572 854 2656 expungendus
880 2575 929 2635 est
957 2594 987 2638 v.
1021 2571 1168 2656 ultimus3
1206 2585 1371 2656 nunquam

229 2673 315 2736 cuim
337 2672 501 2737 Phaedrus
529 2694 608 2756 quas
637 2673 752 2737 asserit
779 2672 972 2756 promythiis
999 2674 1066 2736 sive
1094 2673 1279 2757 epimythiis
1302 2695 1372 2737 sen·

230 2779 347 2838 tentiae
370 2793 554 2839 communes
577 2797 635 2838 sua
656 2775 757 2858 ipsius
780 2775 979 2857 auctoritate,
1003 2773 1056 2838 sed
1080 2775 1147 2837 sive
1169 2773 1298 2838 fabulae
1321 2797 1372 2838 ve-

231 2875 306 2940 teris
330 2876 397 2940 sive
426 2877 567 2941 auctoris
590 2877 658 2940 eius
681 2875 801 2960 Aesopi
824 2877 930 2939 firmat
951 2876 1155 2961 testimonio,
1178 2876 1275 2940 semel
1299 2875 1370 2959 (Ill,

231 2979 265 3058 4)
289 2982 325 3040 ut
346 2999 380 3041 se
402 2977 496 3041 aliter
517 2977 656 3041 iudicare
679 2976 783 3044 addat.
816 2976 860 3041 Et
875 2977 945 3060 ipsa
959 2977 1105 3042 codicum
1120 2978 1215 3042 lectio
1232 2977 1372 3041 declarat

232 3078 348 3141 ultima
381 3078 480 3142 verba
512 3100 569 3161 per
601 3078 885 3160 interpolationem
918 3078 1041 3142 adiecta
1075 3077 1233 3145 Phaedro.
1288 3077 1372 3142 Nam

232 3201 304 3242 cum
326 3202 356 3243 r.
384 3180 421 3242 12
444 3179 622 3263 antiquitus
644 3179 766 3243 feratur
789 3200 895 3260 quum,
919 3183 996 3243 satis
1019 3183 1152 3262 apparet
1173 3201 1232 3263 pro
1255 3178 1372 3243 vitioso

232 3279 288 3344 illo
312 3281 401 3360 duri,
430 3280 515 3362 quod
543 3281 577 3344 in
607 3281 779 3364 archetypo
800 3280 982 3344 fabularum
1005 3280 1108 3344 scriba
1129 3279 1311 3364 nescioquis
1333 3281 1372 3343 ad

230 3381 390 3446 defectum
413 3403 525 3446 sensus
553 3403 589 3446 ac
619 3383 712 3446 metri
734 3386 907 3464 utcumque
929 3381 1102 3466 tegendum
1124 3382 1303 3466 reposuisse
1326 3386 1374 3444 est

232 3483 460 3548 existimandus
467 3533 476 3567 ,
506 3485 723 3567 comparativo
751 3484 860 3567 potius
883 3483 991 3567 aliquo
1014 3505 1081 3548 esse
1105 3506 1201 3567 opus,
1234 3488 1268 3548 ut
1294 3483 1373 3546 baec

232 3585 298 3648 fere
322 3585 444 3649 dedisse
466 3585 648 3651 Phaedrum
670 3587 726 3650 fiat
747 3584 927 3669 probabile:

434 3720 487 3774 hoc
505 3722 702 3788 argumentum
720 3721 818 3775 veniae
836 3721 926 3787 magis
945 3722 1042 3788 aptum
1061 3719 1143 3775 docet

434 3805 482 3872 qui
501 3821 566 3858 casu
584 3806 685 3873 peccat
703 3820 787 3872 quam
806 3803 854 3872 qui
873 3803 1016 3859 consiliost
1033 3821 1147 3874 nocens;

232 3923 300 3987 sive
326 3923 434 4006 potius
462 3925 619 4008 placuerit
646 3924 724 3989 tale:
762 3925 856 3989 uecta
885 3945 975 4007 muge
1002 3927 1132 4008 clipeum
1160 3926 1255 3990 docet.
1298 3947 1372 3988 nam

232 4046 321 4107 maye
349 4024 453 4090 forma
480 4048 536 4090 eur
562 4026 745 4090 Phaedrum
778 4027 884 4090 minus
915 4049 1009 4091 usum
1043 4049 1110 4092 esse
1144 4027 1246 4091 dicam
1275 4049 1371 4109 quam

233 4127 347 4212 Syrum
371 4127 457 4209 (223.
481 4128 558 4214 650)
581 4150 648 4192 non
669 4128 782 4193 habeo.

317 4229 466 4313 Append.
488 4231 519 4312 4,
541 4229 593 4313 23,
617 4230 672 4294 24:

435 4347 566 4400 simulata
584 4347 726 4400 interdum
744 4347 812 4400 vitia
829 4347 947 4416 prosunt
963 4345 1131 4415 hominibus,

436 4432 484 4500 sed
503 4433 632 4500 tempore
650 4433 711 4501 ipso
730 4434 823 4485 tamen
842 4433 962 4499 apparet
979 4435 1090 4512 veritas.
