<?xml version="1.0" encoding="UTF-8"?>
<!DOCTYPE html PUBLIC "-//W3C//DTD XHTML 1.0 Transitional//EN"
    "http://www.w3.org/TR/xhtml1/DTD/xhtml1-transitional.dtd">
<html xmlns="http://www.w3.org/1999/xhtml" xml:lang="en" lang="en">
 <head>
  <title>
</title>
<meta http-equiv="Content-Type" content="text/html;charset=utf-8" />
  <meta name='ocr-system' content='tesseract 3.04.00' />
  <meta name='ocr-capabilities' content='ocr_page ocr_carea ocr_par ocr_line ocrx_word'/>
</head>
<body>
  <div class='ocr_page' id='page_1' title='image "./lucianimuelleri01mlgoog_0042.png"; bbox 0 0 3298 5110; ppageno 0'>
   <div class='ocr_carea' id='block_1_1' title="bbox 523 323 859 405">
    <p class='ocr_par' dir='ltr' id='par_1_1' title="bbox 523 323 859 405">
     <span class='ocr_line' id='line_1_1' title="bbox 523 323 859 405; baseline 0 0"><span class='ocrx_word' id='word_1_1' title='bbox 523 323 859 405; x_wconf 65' lang='lat' dir='ltr'>‘-ee-</span> 
     </span>
    </p>
   </div>
   <div class='ocr_carea' id='block_1_2' title="bbox 185 490 1325 779">
    <p class='ocr_par' dir='ltr' id='par_1_2' title="bbox 185 490 1325 779">
     <span class='ocr_line' id='line_1_2' title="bbox 271 490 1325 576; baseline 0 -20"><span class='ocrx_word' id='word_1_2' title='bbox 271 491 424 556; x_wconf 82' lang='lat' dir='ltr'>Sermone</span> <span class='ocrx_word' id='word_1_3' title='bbox 447 490 531 555; x_wconf 86' lang='lat' dir='ltr'>haud</span> <span class='ocrx_word' id='word_1_4' title='bbox 555 493 775 576; x_wconf 74' lang='lat' dir='ltr'>infrequenter</span> <span class='ocrx_word' id='word_1_5' title='bbox 801 492 903 556; x_wconf 89' lang='lat' dir='ltr'>utitur</span> <span class='ocrx_word' id='word_1_6' title='bbox 925 493 1035 558; x_wconf 84' lang='lat' dir='ltr'>scabro</span> <span class='ocrx_word' id='word_1_7' title='bbox 1059 515 1095 557; x_wconf 89' lang='lat' dir='ltr'>ac</span> <span class='ocrx_word' id='word_1_8' title='bbox 1118 494 1244 576; x_wconf 89' lang='lat' dir='ltr'>saepius</span> <span class='ocrx_word' id='word_1_9' title='bbox 1267 494 1325 556; x_wconf 88' lang='lat' dir='ltr'>dif-</span> 
     </span>
     <span class='ocr_line' id='line_1_3' title="bbox 185 593 1325 680; baseline 0 -22"><span class='ocrx_word' id='word_1_10' title='bbox 185 593 271 677; x_wconf 90' lang='lat' dir='ltr'>ficili,</span> <span class='ocrx_word' id='word_1_11' title='bbox 295 593 392 658; x_wconf 88' lang='lat' dir='ltr'>insita</span> <span class='ocrx_word' id='word_1_12' title='bbox 413 594 612 677; x_wconf 71' lang='lat' dir='ltr'>temporibus</span> <span class='ocrx_word' id='word_1_13' title='bbox 635 594 702 658; x_wconf 86' lang='lat' dir='ltr'>eius</span> <span class='ocrx_word' id='word_1_14' title='bbox 723 593 896 677; x_wconf 71' lang='lat' dir='ltr'>pravitate,</span> <span class='ocrx_word' id='word_1_15' title='bbox 925 595 980 678; x_wconf 92' lang='lat' dir='ltr'>qui</span> <span class='ocrx_word' id='word_1_16' title='bbox 1007 616 1048 657; x_wconf 92' lang='lat' dir='ltr'>ne</span> <span class='ocrx_word' id='word_1_17' title='bbox 1076 593 1325 680; x_wconf 87' lang='lat' dir='ltr'>simplicissimas</span> 
     </span>
     <span class='ocr_line' id='line_1_4' title="bbox 186 687 1134 779; baseline 0.002 -21"><span class='ocrx_word' id='word_1_18' title='bbox 186 694 316 779; x_wconf 86' lang='lat' dir='ltr'>quidem</span> <span class='ocrx_word' id='word_1_19' title='bbox 337 717 387 758; x_wconf 86' lang='lat' dir='ltr'>res</span> <span class='ocrx_word' id='word_1_20' title='bbox 410 694 479 758; x_wconf 86' lang='lat' dir='ltr'>sine</span> <span class='ocrx_word' id='word_1_21' title='bbox 500 695 589 760; x_wconf 88' lang='lat' dir='ltr'>tricis</span> <span class='ocrx_word' id='word_1_22' title='bbox 612 696 781 759; x_wconf 81' lang='lat' dir='ltr'>verborum</span> <span class='ocrx_word' id='word_1_23' title='bbox 803 697 936 778; x_wconf 86' lang='lat' dir='ltr'>possent</span> <span class='ocrx_word' id='word_1_24' title='bbox 957 687 1134 760; x_wconf 86' lang='lat' dir='ltr'>enuntiare.</span> 
     </span>
    </p>
   </div>
   <div class='ocr_carea' id='block_1_3' title="bbox 183 861 1325 1151">
    <p class='ocr_par' dir='ltr' id='par_1_3' title="bbox 183 861 1325 1151">
     <span class='ocr_line' id='line_1_5' title="bbox 268 861 1325 947; baseline 0.001 -20"><span class='ocrx_word' id='word_1_25' title='bbox 268 862 336 927; x_wconf 89' lang='lat' dir='ltr'>Neo</span> <span class='ocrx_word' id='word_1_26' title='bbox 365 885 441 928; x_wconf 86' lang='lat' dir='ltr'>vero</span> <span class='ocrx_word' id='word_1_27' title='bbox 470 864 563 928; x_wconf 88' lang='lat' dir='ltr'>metri</span> <span class='ocrx_word' id='word_1_28' title='bbox 591 864 731 940; x_wconf 88' lang='lat' dir='ltr'>delectus</span> <span class='ocrx_word' id='word_1_29' title='bbox 760 861 836 927; x_wconf 89' lang='lat' dir='ltr'>satis</span> <span class='ocrx_word' id='word_1_30' title='bbox 864 867 972 946; x_wconf 90' lang='lat' dir='ltr'>aptus,</span> <span class='ocrx_word' id='word_1_31' title='bbox 1006 885 1101 947; x_wconf 88' lang='lat' dir='ltr'>quem</span> <span class='ocrx_word' id='word_1_32' title='bbox 1128 865 1267 947; x_wconf 83' lang='lat' dir='ltr'>praeisse</span> <span class='ocrx_word' id='word_1_33' title='bbox 1295 865 1325 929; x_wconf 92' lang='lat' dir='ltr'>ei</span> 
     </span>
     <span class='ocr_line' id='line_1_6' title="bbox 185 962 1325 1048; baseline -0.002 -18"><span class='ocrx_word' id='word_1_34' title='bbox 185 969 299 1030; x_wconf 90' lang='lat' dir='ltr'>notum</span> <span class='ocrx_word' id='word_1_35' title='bbox 322 968 370 1028; x_wconf 89' lang='lat' dir='ltr'>est</span> <span class='ocrx_word' id='word_1_36' title='bbox 392 962 570 1048; x_wconf 83' lang='lat' dir='ltr'>Socratem,</span> <span class='ocrx_word' id='word_1_37' title='bbox 600 965 690 1029; x_wconf 90' lang='lat' dir='ltr'>cuius</span> <span class='ocrx_word' id='word_1_38' title='bbox 712 965 842 1029; x_wconf 89' lang='lat' dir='ltr'>initium</span> <span class='ocrx_word' id='word_1_39' title='bbox 863 965 931 1048; x_wconf 84' lang='lat' dir='ltr'>logi</span> <span class='ocrx_word' id='word_1_40' title='bbox 953 965 1093 1048; x_wconf 86' lang='lat' dir='ltr'>Aesopei</span> <span class='ocrx_word' id='word_1_41' title='bbox 1115 964 1251 1030; x_wconf 89' lang='lat' dir='ltr'>disticho</span> <span class='ocrx_word' id='word_1_42' title='bbox 1274 988 1325 1029; x_wconf 87' lang='lat' dir='ltr'>ex-</span> 
     </span>
     <span class='ocr_line' id='line_1_7' title="bbox 183 1065 1280 1151; baseline 0.002 -22"><span class='ocrx_word' id='word_1_43' title='bbox 183 1088 330 1151; x_wconf 88' lang='lat' dir='ltr'>pressum</span> <span class='ocrx_word' id='word_1_44' title='bbox 353 1065 493 1130; x_wconf 85' lang='lat' dir='ltr'>servavit</span> <span class='ocrx_word' id='word_1_45' title='bbox 514 1065 677 1150; x_wconf 82' lang='lat' dir='ltr'>Diogenes</span> <span class='ocrx_word' id='word_1_46' title='bbox 699 1066 855 1132; x_wconf 83' lang='lat' dir='ltr'>Laertius.</span> <span class='ocrx_word' id='word_1_47' title='bbox 1277 1072 1280 1078; x_wconf 88' lang='lat'>&#39;</span> 
     </span>
    </p>
   </div>
   <div class='ocr_carea' id='block_1_4' title="bbox 183 1233 1325 1704">
    <p class='ocr_par' dir='ltr' id='par_1_4' title="bbox 183 1233 1325 1704">
     <span class='ocr_line' id='line_1_8' title="bbox 268 1233 1323 1300; baseline 0 -2"><span class='ocrx_word' id='word_1_48' title='bbox 268 1235 408 1299; x_wconf 88' lang='lat' dir='ltr'>Multum</span> <span class='ocrx_word' id='word_1_49' title='bbox 430 1239 538 1299; x_wconf 88' lang='lat' dir='ltr'>tamen</span> <span class='ocrx_word' id='word_1_50' title='bbox 561 1239 609 1300; x_wconf 88' lang='lat' dir='ltr'>est</span> <span class='ocrx_word' id='word_1_51' title='bbox 629 1235 791 1300; x_wconf 89' lang='lat' dir='ltr'>lectitatus</span> <span class='ocrx_word' id='word_1_52' title='bbox 820 1235 855 1298; x_wconf 90' lang='lat' dir='ltr'>in</span> <span class='ocrx_word' id='word_1_53' title='bbox 883 1234 1000 1299; x_wconf 92' lang='lat' dir='ltr'>scholis</span> <span class='ocrx_word' id='word_1_54' title='bbox 1029 1233 1125 1298; x_wconf 90' lang='lat' dir='ltr'>medii</span> <span class='ocrx_word' id='word_1_55' title='bbox 1155 1235 1225 1299; x_wconf 89' lang='lat' dir='ltr'>aevi</span> <span class='ocrx_word' id='word_1_56' title='bbox 1248 1236 1323 1300; x_wconf 86' lang='lat' dir='ltr'>Avi-</span> 
     </span>
     <span class='ocr_line' id='line_1_9' title="bbox 184 1335 1325 1420; baseline 0 -20"><span class='ocrx_word' id='word_1_57' title='bbox 184 1359 280 1420; x_wconf 76' lang='lat' dir='ltr'>anuS,</span> <span class='ocrx_word' id='word_1_58' title='bbox 310 1337 427 1419; x_wconf 90' lang='lat' dir='ltr'>quibus</span> <span class='ocrx_word' id='word_1_59' title='bbox 455 1339 488 1400; x_wconf 87' lang='lat' dir='ltr'>et</span> <span class='ocrx_word' id='word_1_60' title='bbox 514 1337 570 1400; x_wconf 89' lang='lat' dir='ltr'>alii</span> <span class='ocrx_word' id='word_1_61' title='bbox 598 1335 786 1399; x_wconf 90' lang='lat' dir='ltr'>ultimorum</span> <span class='ocrx_word' id='word_1_62' title='bbox 813 1335 889 1419; x_wconf 90' lang='lat' dir='ltr'>imp.</span> <span class='ocrx_word' id='word_1_63' title='bbox 913 1335 1005 1400; x_wconf 84' lang='lat' dir='ltr'>Rom.</span> <span class='ocrx_word' id='word_1_64' title='bbox 1029 1335 1228 1399; x_wconf 88' lang='lat' dir='ltr'>saeculorum</span> <span class='ocrx_word' id='word_1_65' title='bbox 1251 1337 1325 1400; x_wconf 88' lang='lat' dir='ltr'>scri-</span> 
     </span>
     <span class='ocr_line' id='line_1_10' title="bbox 183 1435 1325 1521; baseline 0 -21"><span class='ocrx_word' id='word_1_66' title='bbox 183 1440 291 1521; x_wconf 88' lang='lat' dir='ltr'>ptores</span> <span class='ocrx_word' id='word_1_67' title='bbox 320 1437 406 1500; x_wconf 88' lang='lat' dir='ltr'>haud</span> <span class='ocrx_word' id='word_1_68' title='bbox 432 1459 504 1502; x_wconf 89' lang='lat' dir='ltr'>raro</span> <span class='ocrx_word' id='word_1_69' title='bbox 533 1438 763 1502; x_wconf 87' lang='lat' dir='ltr'>tractabantur.</span> <span class='ocrx_word' id='word_1_70' title='bbox 814 1435 877 1501; x_wconf 82' lang='lat' dir='ltr'>Sed</span> <span class='ocrx_word' id='word_1_71' title='bbox 907 1436 974 1503; x_wconf 88' lang='lat' dir='ltr'>eius</span> <span class='ocrx_word' id='word_1_72' title='bbox 1004 1436 1038 1499; x_wconf 88' lang='lat' dir='ltr'>in</span> <span class='ocrx_word' id='word_1_73' title='bbox 1066 1435 1172 1500; x_wconf 90' lang='lat' dir='ltr'>locum</span> <span class='ocrx_word' id='word_1_74' title='bbox 1201 1436 1325 1518; x_wconf 89' lang='lat' dir='ltr'>pridem</span> 
     </span>
     <span class='ocr_line' id='line_1_11' title="bbox 185 1536 1325 1621; baseline -0.002 -19"><span class='ocrx_word' id='word_1_75' title='bbox 185 1538 336 1603; x_wconf 89' lang='lat' dir='ltr'>successit</span> <span class='ocrx_word' id='word_1_76' title='bbox 357 1536 532 1621; x_wconf 86' lang='lat' dir='ltr'>Phaedrus,</span> <span class='ocrx_word' id='word_1_77' title='bbox 557 1559 751 1621; x_wconf 86' lang='lat' dir='ltr'>quamquam</span> <span class='ocrx_word' id='word_1_78' title='bbox 773 1537 827 1600; x_wconf 91' lang='lat' dir='ltr'>ille</span> <span class='ocrx_word' id='word_1_79' title='bbox 850 1541 978 1604; x_wconf 87' lang='lat' dir='ltr'>secutus</span> <span class='ocrx_word' id='word_1_80' title='bbox 998 1536 1151 1601; x_wconf 86' lang='lat' dir='ltr'>Babrium</span> <span class='ocrx_word' id='word_1_81' title='bbox 1174 1539 1213 1601; x_wconf 90' lang='lat' dir='ltr'>ab</span> <span class='ocrx_word' id='word_1_82' title='bbox 1237 1538 1325 1602; x_wconf 91' lang='lat' dir='ltr'>omni</span> 
     </span>
     <span class='ocr_line' id='line_1_12' title="bbox 185 1639 572 1704; baseline -0.005 0"><span class='ocrx_word' id='word_1_83' title='bbox 185 1639 400 1704; x_wconf 89' lang='lat' dir='ltr'>obscaenitate</span> <span class='ocrx_word' id='word_1_84' title='bbox 423 1639 572 1703; x_wconf 90' lang='lat' dir='ltr'>abstinet.</span> 
     </span>
    </p>
   </div>
   <div class='ocr_carea' id='block_1_5' title="bbox 184 1806 1325 1991">
    <p class='ocr_par' dir='ltr' id='par_1_5' title="bbox 184 1806 1325 1991">
     <span class='ocr_line' id='line_1_13' title="bbox 267 1806 1325 1892; baseline -0.002 -20"><span class='ocrx_word' id='word_1_85' title='bbox 267 1806 452 1872; x_wconf 88' lang='lat' dir='ltr'>Dolendum</span> <span class='ocrx_word' id='word_1_86' title='bbox 482 1811 605 1892; x_wconf 89' lang='lat' dir='ltr'>autem,</span> <span class='ocrx_word' id='word_1_87' title='bbox 639 1807 725 1892; x_wconf 88' lang='lat' dir='ltr'>quod</span> <span class='ocrx_word' id='word_1_88' title='bbox 758 1807 895 1890; x_wconf 80' lang='lat' dir='ltr'>scriptor</span> <span class='ocrx_word' id='word_1_89' title='bbox 923 1808 1129 1890; x_wconf 86' lang='lat' dir='ltr'>quantumvis</span> <span class='ocrx_word' id='word_1_90' title='bbox 1156 1807 1325 1872; x_wconf 90' lang='lat' dir='ltr'>mediocris</span> 
     </span>
     <span class='ocr_line' id='line_1_14' title="bbox 184 1909 1324 1991; baseline -0.001 -18"><span class='ocrx_word' id='word_1_91' title='bbox 184 1909 327 1973; x_wconf 90' lang='lat' dir='ltr'>nondum</span> <span class='ocrx_word' id='word_1_92' title='bbox 348 1909 397 1972; x_wconf 91' lang='lat' dir='ltr'>ita</span> <span class='ocrx_word' id='word_1_93' title='bbox 418 1912 573 1973; x_wconf 88' lang='lat' dir='ltr'>tractatus</span> <span class='ocrx_word' id='word_1_94' title='bbox 595 1913 644 1972; x_wconf 91' lang='lat' dir='ltr'>est</span> <span class='ocrx_word' id='word_1_95' title='bbox 665 1932 684 1973; x_wconf 89' lang='lat' dir='ltr'>a</span> <span class='ocrx_word' id='word_1_96' title='bbox 705 1909 839 1991; x_wconf 90' lang='lat' dir='ltr'>criticis,</span> <span class='ocrx_word' id='word_1_97' title='bbox 868 1912 904 1973; x_wconf 94' lang='lat' dir='ltr'>ut</span> <span class='ocrx_word' id='word_1_98' title='bbox 925 1930 1028 1972; x_wconf 88' lang='lat' dir='ltr'>novae</span> <span class='ocrx_word' id='word_1_99' title='bbox 1056 1909 1124 1972; x_wconf 90' lang='lat' dir='ltr'>eius</span> <span class='ocrx_word' id='word_1_100' title='bbox 1147 1909 1324 1972; x_wconf 87' lang='lat' dir='ltr'>carminum</span> 
     </span>
    </p>
   </div>
   <div class='ocr_carea' id='block_1_6' title="bbox 185 1999 1414 2077">
    <p class='ocr_par' dir='ltr' id='par_1_6' title="bbox 185 1999 1414 2077">
     <span class='ocr_line' id='line_1_15' title="bbox 185 1999 1414 2077; baseline -0.006 -2"><span class='ocrx_word' id='word_1_101' title='bbox 185 1999 334 2076; x_wconf 87' lang='lat' dir='ltr'>editionis</span> <span class='ocrx_word' id='word_1_102' title='bbox 363 2009 518 2074; x_wconf 90' lang='lat' dir='ltr'>desiderio</span> <span class='ocrx_word' id='word_1_103' title='bbox 547 2011 637 2075; x_wconf 90' lang='lat' dir='ltr'>nullo</span> <span class='ocrx_word' id='word_1_104' title='bbox 665 2013 841 2077; x_wconf 88' lang='lat' dir='ltr'>teneamur.</span> <span class='ocrx_word' id='word_1_105' title='bbox 893 2009 986 2074; x_wconf 80' lang='lat' dir='ltr'>Certe</span> <span class='ocrx_word' id='word_1_106' title='bbox 1014 2008 1257 2074; x_wconf 87' lang='lat' dir='ltr'>Lachmannum</span> <span class='ocrx_word' id='word_1_107' title='bbox 1289 2011 1324 2074; x_wconf 90' lang='lat' dir='ltr'>in</span> <span class='ocrx_word' id='word_1_108' title='bbox 1406 2058 1414 2068; x_wconf 91' lang='lat'>.</span> 
     </span>
    </p>
   </div>
   <div class='ocr_carea' id='block_1_7' title="bbox 179 2109 1355 4406">
    <p class='ocr_par' dir='ltr' id='par_1_7' title="bbox 179 2109 1355 4406">
     <span class='ocr_line' id='line_1_16' title="bbox 186 2109 1325 2195; baseline 0 -19"><span class='ocrx_word' id='word_1_109' title='bbox 186 2112 374 2176; x_wconf 84' lang='lat' dir='ltr'>recensione</span> <span class='ocrx_word' id='word_1_110' title='bbox 389 2111 504 2174; x_wconf 89' lang='lat' dir='ltr'>harum</span> <span class='ocrx_word' id='word_1_111' title='bbox 519 2111 709 2194; x_wconf 89' lang='lat' dir='ltr'>fabularum,</span> <span class='ocrx_word' id='word_1_112' title='bbox 725 2133 820 2194; x_wconf 91' lang='lat' dir='ltr'>quam</span> <span class='ocrx_word' id='word_1_113' title='bbox 836 2111 1014 2194; x_wconf 89' lang='lat' dir='ltr'>publicavit</span> <span class='ocrx_word' id='word_1_114' title='bbox 1029 2109 1172 2175; x_wconf 88' lang='lat' dir='ltr'>Berolini</span> <span class='ocrx_word' id='word_1_115' title='bbox 1187 2135 1214 2176; x_wconf 91' lang='lat' dir='ltr'>a.</span> <span class='ocrx_word' id='word_1_116' title='bbox 1233 2112 1325 2195; x_wconf 77' lang='lat'>1845,</span> 
     </span>
     <span class='ocr_line' id='line_1_17' title="bbox 185 2211 1323 2294; baseline 0.002 -18"><span class='ocrx_word' id='word_1_117' title='bbox 185 2212 280 2277; x_wconf 88' lang='lat' dir='ltr'>solita</span> <span class='ocrx_word' id='word_1_118' title='bbox 302 2212 448 2276; x_wconf 88' lang='lat' dir='ltr'>destituit</span> <span class='ocrx_word' id='word_1_119' title='bbox 469 2211 616 2293; x_wconf 86' lang='lat' dir='ltr'>felicitas,</span> <span class='ocrx_word' id='word_1_120' title='bbox 640 2215 736 2294; x_wconf 90' lang='lat' dir='ltr'>atque</span> <span class='ocrx_word' id='word_1_121' title='bbox 759 2211 837 2276; x_wconf 88' lang='lat' dir='ltr'>adeo</span> <span class='ocrx_word' id='word_1_122' title='bbox 853 2211 978 2275; x_wconf 88' lang='lat' dir='ltr'>nullum</span> <span class='ocrx_word' id='word_1_123' title='bbox 994 2215 1156 2276; x_wconf 90' lang='lat' dir='ltr'>auctorem</span> <span class='ocrx_word' id='word_1_124' title='bbox 1172 2211 1323 2278; x_wconf 88' lang='lat' dir='ltr'>Latinum</span> 
     </span>
     <span class='ocr_line' id='line_1_18' title="bbox 184 2312 1324 2396; baseline 0.001 -18"><span class='ocrx_word' id='word_1_125' title='bbox 184 2315 308 2378; x_wconf 88' lang='lat' dir='ltr'>minore</span> <span class='ocrx_word' id='word_1_126' title='bbox 338 2334 409 2377; x_wconf 91' lang='lat' dir='ltr'>cum</span> <span class='ocrx_word' id='word_1_127' title='bbox 433 2334 578 2376; x_wconf 87' lang='lat' dir='ltr'>successu</span> <span class='ocrx_word' id='word_1_128' title='bbox 600 2315 792 2395; x_wconf 88' lang='lat' dir='ltr'>temptatum</span> <span class='ocrx_word' id='word_1_129' title='bbox 814 2313 854 2376; x_wconf 91' lang='lat' dir='ltr'>ab</span> <span class='ocrx_word' id='word_1_130' title='bbox 878 2334 915 2376; x_wconf 93' lang='lat' dir='ltr'>eo</span> <span class='ocrx_word' id='word_1_131' title='bbox 938 2312 1085 2378; x_wconf 88' lang='lat' dir='ltr'>existimo</span> <span class='ocrx_word' id='word_1_132' title='bbox 1109 2335 1205 2396; x_wconf 90' lang='lat' dir='ltr'>quam</span> <span class='ocrx_word' id='word_1_133' title='bbox 1228 2316 1324 2379; x_wconf 85' lang='lat' dir='ltr'>Avia-</span> 
     </span>
     <span class='ocr_line' id='line_1_19' title="bbox 183 2412 1323 2497; baseline 0.004 -19"><span class='ocrx_word' id='word_1_134' title='bbox 183 2437 271 2481; x_wconf 88' lang='lat' dir='ltr'>num.</span> <span class='ocrx_word' id='word_1_135' title='bbox 315 2413 416 2497; x_wconf 77' lang='lat' dir='ltr'>Saepe</span> <span class='ocrx_word' id='word_1_136' title='bbox 445 2414 563 2497; x_wconf 88' lang='lat' dir='ltr'>quippe</span> <span class='ocrx_word' id='word_1_137' title='bbox 585 2414 744 2478; x_wconf 80' lang='lat' dir='ltr'>metricae</span> <span class='ocrx_word' id='word_1_138' title='bbox 757 2412 852 2477; x_wconf 91' lang='lat' dir='ltr'>huius</span> <span class='ocrx_word' id='word_1_139' title='bbox 874 2414 1022 2497; x_wconf 89' lang='lat' dir='ltr'>auctoris,</span> <span class='ocrx_word' id='word_1_140' title='bbox 1044 2415 1205 2479; x_wconf 89' lang='lat' dir='ltr'>interdum</span> <span class='ocrx_word' id='word_1_141' title='bbox 1227 2417 1323 2483; x_wconf 90' lang='lat' dir='ltr'>etiam</span> 
     </span>
     <span class='ocr_line' id='line_1_20' title="bbox 184 2515 1323 2600; baseline 0.001 -20"><span class='ocrx_word' id='word_1_142' title='bbox 184 2515 339 2581; x_wconf 89' lang='lat' dir='ltr'>sermonis</span> <span class='ocrx_word' id='word_1_143' title='bbox 361 2515 469 2580; x_wconf 91' lang='lat' dir='ltr'>Latini</span> <span class='ocrx_word' id='word_1_144' title='bbox 497 2515 585 2600; x_wconf 86' lang='lat' dir='ltr'>leges</span> <span class='ocrx_word' id='word_1_145' title='bbox 613 2515 748 2580; x_wconf 84' lang='lat' dir='ltr'>violavit</span> <span class='ocrx_word' id='word_1_146' title='bbox 769 2518 825 2579; x_wconf 91' lang='lat' dir='ltr'>aut</span> <span class='ocrx_word' id='word_1_147' title='bbox 846 2537 957 2579; x_wconf 88' lang='lat' dir='ltr'>sensus</span> <span class='ocrx_word' id='word_1_148' title='bbox 980 2515 1123 2599; x_wconf 90' lang='lat' dir='ltr'>corrupit</span> <span class='ocrx_word' id='word_1_149' title='bbox 1146 2517 1323 2582; x_wconf 89' lang='lat' dir='ltr'>carminum</span> 
     </span>
     <span class='ocr_line' id='line_1_21' title="bbox 185 2615 1323 2700; baseline 0.002 -20"><span class='ocrx_word' id='word_1_150' title='bbox 185 2617 308 2694; x_wconf 81' lang='lat' dir='ltr'>(notavi</span> <span class='ocrx_word' id='word_1_151' title='bbox 330 2617 388 2682; x_wconf 88' lang='lat' dir='ltr'>has</span> <span class='ocrx_word' id='word_1_152' title='bbox 410 2617 612 2700; x_wconf 89' lang='lat' dir='ltr'>potissimum</span> <span class='ocrx_word' id='word_1_153' title='bbox 635 2617 703 2681; x_wconf 88' lang='lat' dir='ltr'>eius</span> <span class='ocrx_word' id='word_1_154' title='bbox 726 2617 940 2700; x_wconf 88' lang='lat' dir='ltr'>coniecturas,</span> <span class='ocrx_word' id='word_1_155' title='bbox 963 2638 1042 2700; x_wconf 88' lang='lat' dir='ltr'>quas</span> <span class='ocrx_word' id='word_1_156' title='bbox 1064 2615 1232 2682; x_wconf 85' lang='lat' dir='ltr'>Ribbeckii</span> <span class='ocrx_word' id='word_1_157' title='bbox 1254 2641 1323 2682; x_wconf 90' lang='lat' dir='ltr'>esse</span> 
     </span>
     <span class='ocr_line' id='line_1_22' title="bbox 184 2717 1321 2804; baseline 0 -22"><span class='ocrx_word' id='word_1_158' title='bbox 184 2741 281 2802; x_wconf 87' lang='lat' dir='ltr'>quam</span> <span class='ocrx_word' id='word_1_159' title='bbox 303 2717 502 2782; x_wconf 90' lang='lat' dir='ltr'>Lachmanni</span> <span class='ocrx_word' id='word_1_160' title='bbox 528 2719 622 2782; x_wconf 90' lang='lat' dir='ltr'>citius</span> <span class='ocrx_word' id='word_1_161' title='bbox 643 2717 848 2802; x_wconf 89' lang='lat' dir='ltr'>persuadebis</span> <span class='ocrx_word' id='word_1_162' title='bbox 871 2717 978 2782; x_wconf 89' lang='lat' dir='ltr'>animo</span> <span class='ocrx_word' id='word_1_163' title='bbox 1001 2721 1072 2781; x_wconf 89' lang='lat' dir='ltr'>tuo:</span> <span class='ocrx_word' id='word_1_164' title='bbox 1111 2717 1159 2800; x_wconf 89' lang='grc'>16,</span> <span class='ocrx_word' id='word_1_165' title='bbox 1184 2720 1237 2802; x_wconf 78' lang='lat'>173</span> <span class='ocrx_word' id='word_1_166' title='bbox 1269 2720 1321 2804; x_wconf 92' lang='lat'>22,</span> 
     </span>
     <span class='ocr_line' id='line_1_23' title="bbox 184 2818 1322 2904; baseline 0.001 -21"><span class='ocrx_word' id='word_1_167' title='bbox 184 2821 241 2902; x_wconf 76' lang='lat'>153</span> <span class='ocrx_word' id='word_1_168' title='bbox 274 2819 325 2903; x_wconf 84' lang='lat'>23,</span> <span class='ocrx_word' id='word_1_169' title='bbox 352 2821 385 2902; x_wconf 77' lang='lat'>13</span> <span class='ocrx_word' id='word_1_170' title='bbox 418 2819 551 2903; x_wconf 82' lang='lat'>28,12;</span> <span class='ocrx_word' id='word_1_171' title='bbox 585 2820 694 2903; x_wconf 80' lang='lat'>35,1;</span> <span class='ocrx_word' id='word_1_172' title='bbox 733 2821 760 2900; x_wconf 90' lang='lat' dir='ltr'>l,</span> <span class='ocrx_word' id='word_1_173' title='bbox 787 2822 818 2902; x_wconf 73' lang='lat' dir='ltr'>l,</span> <span class='ocrx_word' id='word_1_174' title='bbox 848 2819 955 2902; x_wconf 76' lang='lat'>7,14;</span> <span class='ocrx_word' id='word_1_175' title='bbox 988 2819 1034 2902; x_wconf 90' lang='grc'>14,</span> <span class='ocrx_word' id='word_1_176' title='bbox 1061 2819 1111 2903; x_wconf 79' lang='lat'>103</span> <span class='ocrx_word' id='word_1_177' title='bbox 1135 2818 1187 2901; x_wconf 87' lang='lat'>25,</span> <span class='ocrx_word' id='word_1_178' title='bbox 1212 2821 1247 2902; x_wconf 81' lang='lat'>33</span> <span class='ocrx_word' id='word_1_179' title='bbox 1271 2821 1322 2904; x_wconf 84' lang='lat'>39,</span> 
     </span>
     <span class='ocr_line' id='line_1_24' title="bbox 186 2919 1355 3010; baseline 0.002 -27"><span class='ocrx_word' id='word_1_180' title='bbox 186 2921 250 3007; x_wconf 89' lang='lat'>12),</span> <span class='ocrx_word' id='word_1_181' title='bbox 273 2923 368 3002; x_wconf 89' lang='lat' dir='ltr'>atque</span> <span class='ocrx_word' id='word_1_182' title='bbox 391 2920 470 2985; x_wconf 88' lang='lat' dir='ltr'>adeo</span> <span class='ocrx_word' id='word_1_183' title='bbox 493 2919 542 2984; x_wconf 89' lang='lat' dir='ltr'>his</span> <span class='ocrx_word' id='word_1_184' title='bbox 557 2924 655 3003; x_wconf 82' lang='lat' dir='ltr'>terve,</span> <span class='ocrx_word' id='word_1_185' title='bbox 678 2942 744 2984; x_wconf 90' lang='lat' dir='ltr'>non</span> <span class='ocrx_word' id='word_1_186' title='bbox 760 2921 894 3004; x_wconf 66' lang='lat' dir='ltr'>saepius</span> <span class='ocrx_word' id='word_1_187' title='bbox 917 2919 1044 2984; x_wconf 87' lang='lat' dir='ltr'>nativae</span> <span class='ocrx_word' id='word_1_188' title='bbox 1060 2941 1096 2984; x_wconf 90' lang='lat' dir='ltr'>ac</span> <span class='ocrx_word' id='word_1_189' title='bbox 1112 2920 1230 2985; x_wconf 88' lang='lat' dir='ltr'>totiens</span> <span class='ocrx_word' id='word_1_190' title='bbox 1245 2920 1322 2985; x_wconf 91' lang='lat' dir='ltr'>alibi</span> <span class='ocrx_word' id='word_1_191' title='bbox 1345 2990 1355 3010; x_wconf 54' lang='lat'>,</span> 
     </span>
     <span class='ocr_line' id='line_1_25' title="bbox 181 3020 1322 3105; baseline 0.001 -19"><span class='ocrx_word' id='word_1_192' title='bbox 181 3022 335 3105; x_wconf 88' lang='lat' dir='ltr'>probatae</span> <span class='ocrx_word' id='word_1_193' title='bbox 363 3021 523 3086; x_wconf 87' lang='lat' dir='ltr'>sollertiae</span> <span class='ocrx_word' id='word_1_194' title='bbox 557 3022 783 3086; x_wconf 89' lang='lat' dir='ltr'>documentum</span> <span class='ocrx_word' id='word_1_195' title='bbox 817 3020 924 3086; x_wconf 89' lang='lat' dir='ltr'>edidit.</span> <span class='ocrx_word' id='word_1_196' title='bbox 975 3020 1150 3085; x_wconf 79' lang='lat' dir='ltr'>Froehneri</span> <span class='ocrx_word' id='word_1_197' title='bbox 1183 3023 1322 3087; x_wconf 88' lang='lat' dir='ltr'>editione</span> 
     </span>
     <span class='ocr_line' id='line_1_26' title="bbox 182 3119 1321 3206; baseline 0.002 -21"><span class='ocrx_word' id='word_1_198' title='bbox 182 3144 263 3206; x_wconf 88' lang='lat' dir='ltr'>quae</span> <span class='ocrx_word' id='word_1_199' title='bbox 289 3121 410 3205; x_wconf 89' lang='lat' dir='ltr'>prodiit</span> <span class='ocrx_word' id='word_1_200' title='bbox 436 3119 563 3205; x_wconf 82' lang='lat' dir='ltr'>Lipsiae</span> <span class='ocrx_word' id='word_1_201' title='bbox 592 3127 667 3186; x_wconf 88' lang='lat' dir='ltr'>ante</span> <span class='ocrx_word' id='word_1_202' title='bbox 696 3120 863 3186; x_wconf 91' lang='lat' dir='ltr'>duodecim</span> <span class='ocrx_word' id='word_1_203' title='bbox 890 3143 993 3185; x_wconf 87' lang='lat' dir='ltr'>annos</span> <span class='ocrx_word' id='word_1_204' title='bbox 1020 3126 1147 3205; x_wconf 85' lang='lat' dir='ltr'>praeter</span> <span class='ocrx_word' id='word_1_205' title='bbox 1175 3124 1321 3189; x_wconf 90' lang='lat' dir='ltr'>codicum</span> 
     </span>
     <span class='ocr_line' id='line_1_27' title="bbox 181 3222 1322 3309; baseline 0.001 -21"><span class='ocrx_word' id='word_1_206' title='bbox 181 3225 340 3289; x_wconf 90' lang='lat' dir='ltr'>bonorum</span> <span class='ocrx_word' id='word_1_207' title='bbox 360 3223 517 3288; x_wconf 89' lang='lat' dir='ltr'>lectiones</span> <span class='ocrx_word' id='word_1_208' title='bbox 540 3244 612 3287; x_wconf 89' lang='lat' dir='ltr'>cum</span> <span class='ocrx_word' id='word_1_209' title='bbox 635 3222 802 3307; x_wconf 82' lang='lat' dir='ltr'>diligentia</span> <span class='ocrx_word' id='word_1_210' title='bbox 824 3223 973 3288; x_wconf 88' lang='lat' dir='ltr'>collectas</span> <span class='ocrx_word' id='word_1_211' title='bbox 995 3222 1077 3287; x_wconf 91' lang='lat' dir='ltr'>nihil</span> <span class='ocrx_word' id='word_1_212' title='bbox 1099 3223 1204 3289; x_wconf 90' lang='lat' dir='ltr'>bonae</span> <span class='ocrx_word' id='word_1_213' title='bbox 1219 3224 1322 3309; x_wconf 86' lang='lat' dir='ltr'>frugis</span> 
     </span>
     <span class='ocr_line' id='line_1_28' title="bbox 182 3323 1323 3407; baseline -0.001 -17"><span class='ocrx_word' id='word_1_214' title='bbox 182 3326 374 3390; x_wconf 86' lang='lat' dir='ltr'>continetur.</span> <span class='ocrx_word' id='word_1_215' title='bbox 408 3323 526 3388; x_wconf 85' lang='lat' dir='ltr'>Fuerat</span> <span class='ocrx_word' id='word_1_216' title='bbox 547 3323 670 3407; x_wconf 91' lang='lat' dir='ltr'>pridem</span> <span class='ocrx_word' id='word_1_217' title='bbox 693 3324 772 3387; x_wconf 91' lang='lat' dir='ltr'>mihi</span> <span class='ocrx_word' id='word_1_218' title='bbox 795 3324 920 3388; x_wconf 88' lang='lat' dir='ltr'>animus</span> <span class='ocrx_word' id='word_1_219' title='bbox 940 3325 1035 3388; x_wconf 90' lang='lat' dir='ltr'>etiam</span> <span class='ocrx_word' id='word_1_220' title='bbox 1051 3324 1164 3388; x_wconf 91' lang='lat' dir='ltr'>edendi</span> <span class='ocrx_word' id='word_1_221' title='bbox 1181 3327 1323 3390; x_wconf 87' lang='lat' dir='ltr'>carmina</span> 
     </span>
     <span class='ocr_line' id='line_1_29' title="bbox 182 3425 1322 3512; baseline 0.001 -22"><span class='ocrx_word' id='word_1_222' title='bbox 182 3427 315 3512; x_wconf 87' lang='lat' dir='ltr'>Aviani,</span> <span class='ocrx_word' id='word_1_223' title='bbox 338 3426 401 3491; x_wconf 88' lang='lat' dir='ltr'>nisi</span> <span class='ocrx_word' id='word_1_224' title='bbox 423 3426 607 3511; x_wconf 84' lang='lat' dir='ltr'>graviorum</span> <span class='ocrx_word' id='word_1_225' title='bbox 631 3425 835 3510; x_wconf 84' lang='lat' dir='ltr'>negotiorum</span> <span class='ocrx_word' id='word_1_226' title='bbox 858 3427 1035 3490; x_wconf 88' lang='lat' dir='ltr'>obstitisset</span> <span class='ocrx_word' id='word_1_227' title='bbox 1057 3426 1238 3491; x_wconf 87' lang='lat' dir='ltr'>multitude.</span> <span class='ocrx_word' id='word_1_228' title='bbox 1282 3427 1322 3491; x_wconf 90' lang='lat' dir='ltr'>In</span> 
     </span>
     <span class='ocr_line' id='line_1_30' title="bbox 181 3527 1319 3612; baseline 0 -20"><span class='ocrx_word' id='word_1_229' title='bbox 181 3530 240 3593; x_wconf 91' lang='lat' dir='ltr'>hos</span> <span class='ocrx_word' id='word_1_230' title='bbox 263 3550 348 3612; x_wconf 88' lang='lat' dir='ltr'>usus,</span> <span class='ocrx_word' id='word_1_231' title='bbox 372 3551 444 3593; x_wconf 90' lang='lat' dir='ltr'>cum</span> <span class='ocrx_word' id='word_1_232' title='bbox 466 3549 611 3592; x_wconf 86' lang='lat' dir='ltr'>versarer</span> <span class='ocrx_word' id='word_1_233' title='bbox 631 3527 783 3612; x_wconf 86' lang='lat' dir='ltr'>Lugduni</span> <span class='ocrx_word' id='word_1_234' title='bbox 805 3527 1010 3610; x_wconf 87' lang='lat' dir='ltr'>Batavorum,</span> <span class='ocrx_word' id='word_1_235' title='bbox 1034 3529 1156 3592; x_wconf 83' lang='lat' dir='ltr'>excussi</span> <span class='ocrx_word' id='word_1_236' title='bbox 1180 3529 1319 3594; x_wconf 89' lang='lat' dir='ltr'>codicem</span> 
     </span>
     <span class='ocr_line' id='line_1_31' title="bbox 183 3629 1320 3714; baseline 0 -19"><span class='ocrx_word' id='word_1_237' title='bbox 183 3630 377 3696; x_wconf 88' lang='lat' dir='ltr'>Vossianum</span> <span class='ocrx_word' id='word_1_238' title='bbox 405 3653 443 3694; x_wconf 90' lang='lat' dir='ltr'>ex</span> <span class='ocrx_word' id='word_1_239' title='bbox 472 3629 561 3693; x_wconf 89' lang='lat' dir='ltr'>libris</span> <span class='ocrx_word' id='word_1_240' title='bbox 584 3630 639 3714; x_wconf 89' lang='lat' dir='ltr'>qui</span> <span class='ocrx_word' id='word_1_241' title='bbox 662 3633 818 3694; x_wconf 86' lang='lat' dir='ltr'>vocantur</span> <span class='ocrx_word' id='word_1_242' title='bbox 840 3631 873 3693; x_wconf 91' lang='lat' dir='ltr'>in</span> <span class='ocrx_word' id='word_1_243' title='bbox 897 3633 1011 3713; x_wconf 89' lang='lat' dir='ltr'>quarto</span> <span class='ocrx_word' id='word_1_244' title='bbox 1034 3652 1081 3694; x_wconf 94' lang='lat' dir='ltr'>nr.</span> <span class='ocrx_word' id='word_1_245' title='bbox 1106 3630 1162 3713; x_wconf 86' lang='lat'>86,</span> <span class='ocrx_word' id='word_1_246' title='bbox 1195 3630 1320 3695; x_wconf 88' lang='lat' dir='ltr'>saeculo</span> 
     </span>
     <span class='ocr_line' id='line_1_32' title="bbox 182 3730 1321 3816; baseline 0.001 -21"><span class='ocrx_word' id='word_1_247' title='bbox 182 3753 270 3796; x_wconf 91' lang='lat' dir='ltr'>nono</span> <span class='ocrx_word' id='word_1_248' title='bbox 293 3731 457 3814; x_wconf 89' lang='lat' dir='ltr'>scriptum,</span> <span class='ocrx_word' id='word_1_249' title='bbox 481 3731 535 3794; x_wconf 89' lang='lat' dir='ltr'>sed</span> <span class='ocrx_word' id='word_1_250' title='bbox 558 3731 674 3816; x_wconf 85' lang='lat' dir='ltr'>exiguo</span> <span class='ocrx_word' id='word_1_251' title='bbox 697 3754 769 3796; x_wconf 92' lang='lat' dir='ltr'>cum</span> <span class='ocrx_word' id='word_1_252' title='bbox 791 3732 907 3795; x_wconf 85' lang='lat' dir='ltr'>fructu.</span> <span class='ocrx_word' id='word_1_253' title='bbox 941 3731 1071 3795; x_wconf 83' lang='lat' dir='ltr'>Etenim</span> <span class='ocrx_word' id='word_1_254' title='bbox 1095 3731 1168 3795; x_wconf 91' lang='lat' dir='ltr'>libri</span> <span class='ocrx_word' id='word_1_255' title='bbox 1190 3755 1229 3796; x_wconf 86' lang='lat' dir='ltr'>ex</span> <span class='ocrx_word' id='word_1_256' title='bbox 1245 3730 1321 3798; x_wconf 83' lang='lat' dir='ltr'>Coe·</span> 
     </span>
     <span class='ocr_line' id='line_1_33' title="bbox 183 3831 1321 3918; baseline 0.002 -22"><span class='ocrx_word' id='word_1_257' title='bbox 183 3832 281 3897; x_wconf 92' lang='lat' dir='ltr'>nobio</span> <span class='ocrx_word' id='word_1_258' title='bbox 311 3831 342 3897; x_wconf 86' lang='lat' dir='ltr'>S.</span> <span class='ocrx_word' id='word_1_259' title='bbox 367 3831 534 3914; x_wconf 84' lang='lat' dir='ltr'>Germani,</span> <span class='ocrx_word' id='word_1_260' title='bbox 563 3853 658 3915; x_wconf 92' lang='lat' dir='ltr'>quem</span> <span class='ocrx_word' id='word_1_261' title='bbox 687 3833 713 3896; x_wconf 94' lang='lat' dir='ltr'>P</span> <span class='ocrx_word' id='word_1_262' title='bbox 740 3832 848 3896; x_wconf 88' lang='lat' dir='ltr'>littera</span> <span class='ocrx_word' id='word_1_263' title='bbox 875 3834 982 3918; x_wconf 84' lang='lat' dir='ltr'>signat</span> <span class='ocrx_word' id='word_1_264' title='bbox 1007 3832 1224 3915; x_wconf 88' lang='lat' dir='ltr'>Froehnerus,</span> <span class='ocrx_word' id='word_1_265' title='bbox 1256 3837 1321 3898; x_wconf 90' lang='lat' dir='ltr'>tam</span> 
     </span>
     <span class='ocr_line' id='line_1_34' title="bbox 183 3932 1321 4018; baseline 0.003 -22"><span class='ocrx_word' id='word_1_266' title='bbox 183 3932 296 3997; x_wconf 88' lang='lat' dir='ltr'>similis</span> <span class='ocrx_word' id='word_1_267' title='bbox 312 3937 368 4017; x_wconf 87' lang='lat' dir='ltr'>est,</span> <span class='ocrx_word' id='word_1_268' title='bbox 391 3936 427 3996; x_wconf 93' lang='lat' dir='ltr'>ut</span> <span class='ocrx_word' id='word_1_269' title='bbox 442 3936 498 3997; x_wconf 90' lang='lat' dir='ltr'>aut</span> <span class='ocrx_word' id='word_1_270' title='bbox 512 3933 693 3998; x_wconf 88' lang='lat' dir='ltr'>Parisinum</span> <span class='ocrx_word' id='word_1_271' title='bbox 710 3955 747 3998; x_wconf 84' lang='lat' dir='ltr'>ex</span> <span class='ocrx_word' id='word_1_272' title='bbox 763 3934 972 4018; x_wconf 85' lang='lat' dir='ltr'>Lugdunensi</span> <span class='ocrx_word' id='word_1_273' title='bbox 994 3938 1050 3998; x_wconf 86' lang='lat' dir='ltr'>aut</span> <span class='ocrx_word' id='word_1_274' title='bbox 1071 3934 1178 4017; x_wconf 89' lang='lat' dir='ltr'>potius</span> <span class='ocrx_word' id='word_1_275' title='bbox 1201 3939 1321 4000; x_wconf 88' lang='lat' dir='ltr'>utrum·</span> 
     </span>
     <span class='ocr_line' id='line_1_35' title="bbox 180 4033 1321 4118; baseline 0.004 -21"><span class='ocrx_word' id='word_1_276' title='bbox 180 4055 242 4117; x_wconf 89' lang='lat' dir='ltr'>que</span> <span class='ocrx_word' id='word_1_277' title='bbox 269 4057 307 4098; x_wconf 88' lang='lat' dir='ltr'>ex</span> <span class='ocrx_word' id='word_1_278' title='bbox 330 4033 441 4098; x_wconf 90' lang='lat' dir='ltr'>eodem</span> <span class='ocrx_word' id='word_1_279' title='bbox 469 4033 641 4118; x_wconf 87' lang='lat' dir='ltr'>archetypo</span> <span class='ocrx_word' id='word_1_280' title='bbox 670 4034 863 4118; x_wconf 88' lang='lat' dir='ltr'>descriptum</span> <span class='ocrx_word' id='word_1_281' title='bbox 889 4057 956 4100; x_wconf 85' lang='lat' dir='ltr'>esse</span> <span class='ocrx_word' id='word_1_282' title='bbox 980 4034 1168 4100; x_wconf 80' lang='lat' dir='ltr'>existimem.</span> <span class='ocrx_word' id='word_1_283' title='bbox 1212 4036 1321 4101; x_wconf 80' lang='lat' dir='ltr'>Etiam</span> 
     </span>
     <span class='ocr_line' id='line_1_36' title="bbox 180 4133 1321 4221; baseline 0.004 -23"><span class='ocrx_word' id='word_1_284' title='bbox 180 4136 215 4199; x_wconf 90' lang='lat' dir='ltr'>in</span> <span class='ocrx_word' id='word_1_285' title='bbox 242 4133 311 4199; x_wconf 92' lang='lat' dir='ltr'>cod.</span> <span class='ocrx_word' id='word_1_286' title='bbox 336 4134 429 4200; x_wconf 90' lang='lat' dir='ltr'>Voss.</span> <span class='ocrx_word' id='word_1_287' title='bbox 453 4135 546 4203; x_wconf 87' lang='lat' dir='ltr'>form.</span> <span class='ocrx_word' id='word_1_288' title='bbox 570 4140 632 4200; x_wconf 89' lang='lat' dir='ltr'>oct.</span> <span class='ocrx_word' id='word_1_289' title='bbox 659 4137 697 4201; x_wconf 83' lang='lat'>15</span> <span class='ocrx_word' id='word_1_290' title='bbox 725 4158 805 4200; x_wconf 89' lang='lat' dir='ltr'>saec.</span> <span class='ocrx_word' id='word_1_291' title='bbox 829 4135 909 4200; x_wconf 88' lang='lat' dir='ltr'>XIII</span> <span class='ocrx_word' id='word_1_292' title='bbox 937 4138 1071 4220; x_wconf 88' lang='lat' dir='ltr'>scripte,</span> <span class='ocrx_word' id='word_1_293' title='bbox 1105 4137 1231 4221; x_wconf 90' lang='lat' dir='ltr'>eodem,</span> <span class='ocrx_word' id='word_1_294' title='bbox 1265 4139 1321 4221; x_wconf 91' lang='lat' dir='ltr'>qui</span> 
     </span>
     <span class='ocr_line' id='line_1_37' title="bbox 179 4236 1321 4322; baseline 0.004 -22"><span class='ocrx_word' id='word_1_295' title='bbox 179 4239 307 4321; x_wconf 86' lang='lat' dir='ltr'>praeter</span> <span class='ocrx_word' id='word_1_296' title='bbox 328 4236 393 4300; x_wconf 87' lang='lat' dir='ltr'>alia</span> <span class='ocrx_word' id='word_1_297' title='bbox 415 4236 515 4301; x_wconf 90' lang='lat' dir='ltr'>multa</span> <span class='ocrx_word' id='word_1_298' title='bbox 537 4236 741 4302; x_wconf 87' lang='lat' dir='ltr'>Nilantianas</span> <span class='ocrx_word' id='word_1_299' title='bbox 764 4237 973 4322; x_wconf 89' lang='lat' dir='ltr'>paraphrases</span> <span class='ocrx_word' id='word_1_300' title='bbox 1000 4238 1145 4320; x_wconf 87' lang='lat' dir='ltr'>exhibet,</span> <span class='ocrx_word' id='word_1_301' title='bbox 1173 4243 1321 4322; x_wconf 89' lang='lat' dir='ltr'>prostant</span> 
     </span>
     <span class='ocr_line' id='line_1_38' title="bbox 180 4337 1321 4406; baseline 0.004 -4"><span class='ocrx_word' id='word_1_302' title='bbox 180 4338 308 4403; x_wconf 84' lang='lat' dir='ltr'>fabulae</span> <span class='ocrx_word' id='word_1_303' title='bbox 332 4337 459 4402; x_wconf 88' lang='lat' dir='ltr'>Aviani.</span> <span class='ocrx_word' id='word_1_304' title='bbox 501 4337 551 4401; x_wconf 81' lang='lat' dir='ltr'>Ex</span> <span class='ocrx_word' id='word_1_305' title='bbox 572 4338 635 4404; x_wconf 88' lang='lat' dir='ltr'>hoc</span> <span class='ocrx_word' id='word_1_306' title='bbox 656 4339 767 4404; x_wconf 85' lang='lat' dir='ltr'>notavi</span> <span class='ocrx_word' id='word_1_307' title='bbox 790 4341 839 4404; x_wconf 89' lang='lat' dir='ltr'>bis</span> <span class='ocrx_word' id='word_1_308' title='bbox 861 4338 1031 4404; x_wconf 88' lang='lat' dir='ltr'>lectionem</span> <span class='ocrx_word' id='word_1_309' title='bbox 1053 4339 1218 4405; x_wconf 87' lang='lat' dir='ltr'>meliorem</span> <span class='ocrx_word' id='word_1_310' title='bbox 1240 4344 1321 4406; x_wconf 86' lang='lat' dir='ltr'>cete-</span> 
     </span>
    </p>
   </div>
   <div class='ocr_carea' id='block_1_8' title="bbox 180 4439 1318 4604">
    <p class='ocr_par' dir='ltr' id='par_1_8' title="bbox 180 4439 1318 4604">
     <span class='ocr_line' id='line_1_39' title="bbox 180 4439 1318 4526; baseline 0.004 -24"><span class='ocrx_word' id='word_1_311' title='bbox 180 4461 291 4504; x_wconf 88' lang='lat' dir='ltr'>rorum</span> <span class='ocrx_word' id='word_1_312' title='bbox 312 4439 469 4504; x_wconf 89' lang='lat' dir='ltr'>librorum</span> <span class='ocrx_word' id='word_1_313' title='bbox 490 4439 693 4505; x_wconf 87' lang='lat' dir='ltr'>testimoniis.</span> <span class='ocrx_word' id='word_1_314' title='bbox 737 4439 821 4505; x_wconf 87' lang='lat' dir='ltr'>Nam</span> <span class='ocrx_word' id='word_1_315' title='bbox 844 4441 878 4526; x_wconf 90' lang='grc'>6,</span> <span class='ocrx_word' id='word_1_316' title='bbox 905 4443 917 4503; x_wconf 88' lang='lat'>1</span> <span class='ocrx_word' id='word_1_317' title='bbox 944 4441 1090 4505; x_wconf 90' lang='lat' dir='ltr'>firmatur</span> <span class='ocrx_word' id='word_1_318' title='bbox 1112 4463 1149 4505; x_wconf 93' lang='lat' dir='ltr'>eo</span> <span class='ocrx_word' id='word_1_319' title='bbox 1172 4440 1318 4511; x_wconf 89' lang='lat' dir='ltr'>Neveleti</span> 
     </span>
     <span class='ocr_line' id='line_1_40' title="bbox 230 4549 1117 4604; baseline 0 -12"><span class='ocrx_word' id='word_1_320' title='bbox 230 4549 256 4592; x_wconf 84' lang='grc' dir='ltr'>Ιι.</span> <span class='ocrx_word' id='word_1_321' title='bbox 269 4550 403 4604; x_wconf 84' lang='lat' dir='ltr'>Mueller,</span> <span class='ocrx_word' id='word_1_322' title='bbox 417 4552 451 4593; x_wconf 84' lang='lat' dir='ltr'>De</span> <span class='ocrx_word' id='word_1_323' title='bbox 464 4550 564 4594; x_wconf 84' lang='lat' dir='ltr'>Phaedri</span> <span class='ocrx_word' id='word_1_324' title='bbox 580 4553 603 4591; x_wconf 84' lang='lat' dir='ltr'>ct</span> <span class='ocrx_word' id='word_1_325' title='bbox 617 4551 704 4594; x_wconf 77' lang='lat' dir='ltr'>Arlani</span> <span class='ocrx_word' id='word_1_326' title='bbox 718 4551 811 4594; x_wconf 77' lang='lat' dir='ltr'>fabulis.</span> <span class='ocrx_word' id='word_1_327' title='bbox 1101 4549 1117 4597; x_wconf 88' lang='grc'>3</span> 
     </span>
    </p>
   </div>
   <div class='ocr_carea' id='block_1_9' title="bbox 0 0 1654 5110">
    <p class='ocr_par' dir='ltr' id='par_1_9' title="bbox 0 0 1654 5110">
     <span class='ocr_line' id='line_1_41' title="bbox 0 0 1654 5110; baseline 0 1"><span class='ocrx_word' id='word_1_328' title='bbox 0 0 1654 5110; x_wconf 95' lang='lat' dir='ltr'> </span> 
     </span>
    </p>
   </div>
  </div>
 </body>
</html>
