3298 5110
764 371 785 379 ..
842 333 883 394 26

186 549 196 566 ,
292 493 358 556 sive
381 491 476 556 medii
502 494 571 558 aevi
594 490 733 576 additos,
762 488 817 572 qui
846 510 939 571 saepe
968 487 1045 550 satis
1067 487 1175 570 inepte
1198 509 1264 553 rem
1289 492 1431 570 egerunt,

290 619 361 660 cum
384 597 423 660 ad
446 597 539 662 initia
555 597 758 681 potissimum
773 595 958 676 poematum
975 587 1200 670 inscriptiones
1217 589 1433 656 accommoda-

291 701 378 781 rent3
403 699 445 762 cf.
467 701 568 782 praef.
590 701 703 766 Horat.
728 720 802 784 pag.
825 698 871 782 X3
895 698 1012 765 Catull.
1029 701 1108 784 VII,
1132 698 1222 765 Vlll.
1254 693 1298 757 nt
1319 693 1433 758 harum

292 800 473 864 fabularum
501 802 670 868 t'tulorum
697 803 851 867 insulsam
879 803 1073 886 barbariem,
1102 803 1214 887 primis
1244 797 1340 862 medii
1363 799 1432 860 aevi

292 902 426 966 saeculis
464 897 696 992 dignissimam,
734 910 808 993 apte
844 905 908 969 iam
943 905 1132 988 perstrinxit
1164 901 1434 990 Eyssenhardtius

292 1003 391 1088 praef.
414 1026 467 1090 pg.
492 1012 522 1077 4.

792 1160 794 1164 ’
842 1184 885 1248 n.

771 1323 961 1373 Auctor.

496 1441 631 1507 exemplis
650 1440 809 1496 continetur
827 1440 930 1508 Aesopi
948 1455 1048 1506 genum

498 1543 548 1580 nec
566 1525 641 1577 aliud
660 1527 811 1594 quicquam
828 1541 880 1593 per
897 1523 1015 1576 fabellas
1033 1521 1186 1590 quaeritur,

498 1627 583 1677 quam
602 1611 758 1679 corrigetur
777 1625 854 1663 error
871 1609 903 1662 ut
920 1606 1081 1662 mortalium

496 1697 635 1763 acuatque
653 1712 713 1749 sese
732 1694 852 1764 diligens
869 1692 1015 1747 industria.

377 1796 498 1877 Versus
521 1815 643 1897 primus
665 1813 774 1877 multis
797 1814 964 1878 doctorum
986 1811 1217 1894 suspitionibus
1244 1813 1434 1897 exagitatus,

300 1916 364 1998 sed,
387 1919 423 1978 ut
445 1915 524 1978 mihi
547 1915 675 1999 quidem
698 1915 834 1999 videtur,
850 1915 1019 1979 immerito.
1054 1913 1177 1996 Nempe
1193 1935 1264 1978 cum
1280 1918 1436 1998 negarent

294 2017 439 2100 plerique
459 2038 557 2099 pcnccs
578 2017 767 2101 simpliciter
788 2039 880 2100 posse
898 2016 965 2083 diei
987 2039 1046 2099 pro
1066 2038 1176 2099 penore
1192 2017 1369 2081 litterarum
1385 2016 1434 2078 vel

293 2120 479 2201 stadiorum,
504 2118 669 2184 Bentleius
692 2119 830 2184 coniecit
851 2118 1069 2182 scribendum:
1093 2119 1240 2200 exemplis
1262 2119 1435 2182 conticetur

294 2221 469 2286 humanum
488 2242 595 2302 pctus,
620 2224 656 2285 ut
677 2223 851 2286 continetur
874 2223 958 2284 esset
980 2220 1063 2284 idem
1087 2220 1173 2303 quod
1194 2224 1347 2284 coercetur
1368 2219 1435 2282 sive

293 2325 422 2406 reparer.
468 2322 518 2386 Ita
546 2323 607 2387 dici
634 2344 726 2406 posse
753 2322 842 2387 salva
863 2322 1022 2386 latinitate
1053 2344 1125 2386 cum
1158 2322 1200 2385 sit
1220 2320 1435 2400 manifestum,

295 2445 354 2488 nec
375 2425 492 2494 minus,
516 2423 555 2488 ad
578 2445 706 2487 sensum
730 2424 857 2508 egregie
880 2445 947 2487 esse
970 2427 1081 2505 aptum
1101 2423 1143 2503 id,
1167 2423 1253 2504 quod
1267 2421 1437 2505 proposuit

294 2524 364 2605 ille,
397 2528 506 2589 tamen
539 2524 633 2588 facile
666 2525 858 2589 concedetur
886 2525 995 2587 omnia
1023 2521 1111 2606 p'rius
1140 2545 1207 2587 esse
1237 2522 1434 2605 temptanda,

296 2648 392 2709 quam
414 2629 480 2689 tarn
503 2625 614 2690 audaci
637 2625 790 2690 utendum
814 2627 1006 2688 commento,
1050 2624 1137 2700 Quae
1160 2624 1245 2687 enim
1267 2627 1358 2688 tanta
1380 2646 1436 2706 po-

295 2727 359 2792 tuit
381 2749 449 2791 esse
471 2726 676 2792 librariorum
699 2726 750 2790 vel
771 2727 910 2791 maxime
932 2727 1173 2810 neglegentium
1196 2725 1351 2806 socordia,
1373 2725 1436 2789 hoc

299 2831 334 2894 ut
355 2829 427 2892 loco
451 2851 509 2912 pro
532 2829 708 2893 hermanum
730 2832 889 2912 ponerent
910 2827 1051 2909 Aesopi?
1094 2828 1270 2910 Aliquanto
1298 2827 1436 2892 deterior

296 2932 345 2993 est
366 2927 514 2994 Mauricii
536 2928 680 3012 Hauptii,
705 2929 896 3015 professoris
912 2928 1129 2993 Berolinensis
1150 2951 1261 2992 recens
1284 2928 1435 3010 defuncti,

297 3029 495 3114 coniectura,
524 3031 580 3115 qui
602 3053 674 3095 cum
696 3031 757 3095 sibi
780 3031 989 3114 persuasisset
1009 3032 1130 3113 Aesopi
1152 3051 1271 3094 nomen
1294 3052 1332 3093 ex
1354 3028 1436 3114 glos-

296 3134 416 3194 semate
438 3154 533 3215 super
554 3155 681 3197 versum
703 3133 809 3216 posito
832 3132 997 3214 irrepsisse
1019 3132 1054 3195 in
1077 3132 1174 3196 verba
1194 3130 1347 3210 Phaedri,
1375 3134 1436 3194 sta·

295 3233 359 3296 tuit
392 3234 609 3298 scribendum:
644 3236 790 3316 exemplis
822 3236 997 3299 continetur
1030 3234 1155 3316 cpolopi
1184 3254 1282 3314 prens
1314 3231 1360 3315 (id
1389 3235 1437 3295 est

296 3334 425 3414 fbbccbc
449 3337 574 3420 penus).
625 3332 750 3418 Nempe
778 3339 815 3399 ut
845 3336 971 3399 mittam
1003 3334 1117 3398 talium
1149 3333 1436 3416 interpolationem

296 3435 443 3517 exempla
471 3435 506 3497 in
534 3434 695 3500 codicibus
718 3435 856 3500 Phaedri
884 3435 1088 3518 quantumvis
1112 3434 1292 3518 depravatis
1315 3434 1368 3498 vix
1390 3434 1437 3497 in-

297 3534 414 3617 veniri,
445 3535 585 3618 primum
606 3537 752 3619 peccavit
773 3538 823 3602 vir
845 3537 1039 3600 clarissimus
1061 3539 1174 3600 contra
1196 3535 1321 3600 dicendi
1344 3557 1435 3598 usum

296 3636 450 3718 Phaedri,
481 3637 536 3720 qui
564 3638 625 3701 etsi
653 3637 731 3702 alias
759 3639 835 3702 satis
863 3641 911 3703 est
937 3637 1088 3720 frequens
1117 3637 1239 3722 graecis
1261 3636 1435 3718 vocabulis,

296 3759 462 3820 nunquam
493 3741 601 3802 tamen
634 3743 782 3822 poemata
815 3761 872 3803 sua
899 3736 1074 3822 appellavit
1096 3739 1158 3804 nisi
1180 3739 1281 3803 latino
1304 3737 1436 3802 nomine

294 3838 479 3920 fabularum
513 3839 581 3903 sive
612 3840 818 3920 fabellarum,
852 3840 966 3904 deinde
999 3844 1113 3905 contra
1144 3842 1309 3905 metricam
1336 3842 1435 3902 artem

297 3938 454 4023 eiusdem,
483 3940 559 4023 quia
587 3963 752 4023 nunquam
782 3941 912 4006 admisit
939 3942 1053 4025 quinto
1081 3941 1161 4024 pede
1189 3940 1380 4004 vocabulum
1402 3939 1437 4002 in

297 4040 439 4104 iambum
462 4040 585 4123 exiens,
615 4063 679 4124 qua
706 4042 740 4106 in
768 4064 802 4106 re
831 4043 859 4107 ei
888 4043 1040 4108 convenit
1063 4064 1134 4105 cum
1157 4041 1226 4106 aliis
1249 4040 1437 4125 quibusdam

297 4141 402 4225 poetis
435 4141 545 4205 latinis
578 4141 637 4226 (cf.
670 4142 770 4226 praef.
803 4142 921 4208 Phaed.
955 4164 1026 4228 pag.
1049 4142 1142 4225 Vlll,
1165 4142 1235 4221 IX).
1279 4140 1437 4225 Equidem

299 4239 474 4325 aliquando
491 4243 688 4310 conieceram
705 4265 770 4308 una
784 4244 878 4308 litera
892 4249 1015 4309 mutata
1030 4266 1098 4308 esse
1113 4243 1315 4308 scribendum
1324 4263 1437 4325 penae,

297 4342 391 4407 sicuti
414 4341 493 4407 dixit
508 4341 674 4408 Phaedrus
696 4343 789 4408 initio
813 4345 934 4428 operis:
956 4345 1098 4427 Aesopus
1120 4351 1229 4410 unctor
1251 4365 1348 4426 quom
1369 4364 1437 4408 mu-

298 4443 411 4508 tcciom
432 4445 577 4527 rcppcrc't.
623 4443 738 4510 Obstat
759 4449 866 4509 tamen
888 4445 964 4510 huic
986 4446 1203 4531 coniecturae,
1233 4444 1318 4532 quod
1336 4463 1439 4528 penos
