3298 5110
746 297 933 360 ,8,

273 456 325 515 tur
340 452 373 514 iu
389 449 539 515 ltemensi
554 449 636 514 libro
653 471 689 514 ac
705 448 894 514 Pithoeano.
933 448 976 512 Et
998 471 1073 513 sane
1090 452 1217 514 constat
1240 448 1415 532 descriptos

191 612 194 620 .
273 551 332 616 lios
356 575 394 616 ex
417 551 591 636 archetypo
613 554 775 633 truncatu,
799 573 871 615 cum
887 552 1044 635 exprimo
1060 549 1143 616 libro
1159 549 1298 614 Phaedri
1321 573 1416 634 quae-

274 657 347 718 dam
381 653 501 737 perisse
535 653 634 737 ipsius
667 656 781 736 politae
810 654 965 735 probetur
998 652 1103 717 verbis
1139 651 1293 735 (prooem.
1317 674 1346 716 v.
1370 654 1413 733 c),

174 745 178 753 ¹
273 777 408 839 cumque
432 753 563 819 secundi
586 757 618 818 ct
645 754 750 838 quinti
777 753 920 818 defectus
947 755 1017 837 ipsa
1045 753 1206 836 paucitate
1235 752 1415 840 fabularum

272 855 461 920 indicentur.
504 855 629 920 Perotti
657 855 817 939 syllogen,
849 877 930 938 quae
961 856 1057 919 etiam
1082 855 1198 919 Aviani
1220 855 1262 918 36
1291 853 1416 918 fabulas

274 957 428 1041 eontinet,
452 955 570 1022 editam
592 956 681 1020 illam
703 959 778 1040 post
799 979 826 1020 a.
847 957 937 1040 1458,
961 956 1024 1022 hoc
1045 956 1143 1020 fuisse
1165 955 1261 1022 titulo
1284 956 1416 1038 inserip-

273 1064 353 1122 tam:
391 1059 520 1124 Nicoloi
548 1057 669 1124 Perotti
701 1059 830 1140 epitome
863 1059 1049 1139 fabularum
1075 1057 1206 1140 Aesopi,
1240 1057 1357 1122 Avieni
1389 1062 1416 1120 ot

275 1160 419 1226 Phaedri
452 1159 569 1226 codicis
601 1158 808 1243 Neapolitani
841 1158 992 1224 docemur
1026 1158 1223 1224 testimonio.
1268 1157 1415 1240 Eumque

273 1285 341 1326 esse
372 1283 496 1345 verum,
525 1261 626 1344 ipsius
654 1260 778 1325 Perotti
806 1261 845 1325 ad
868 1260 1027 1344 Pyrrhum
1055 1263 1206 1344 nepotem
1235 1259 1298 1341 (cui
1326 1258 1415 1322 iusti·

275 1363 395 1428 tuendo
417 1363 476 1427 has
491 1363 617 1427 fabulas
633 1349 860 1449 destinaverat)
883 1363 957 1428 dato
980 1363 1117 1447 prologo
1133 1364 1276 1446 apparet.
1307 1360 1415 1425 Verba

275 1465 394 1548 quippe
417 1465 485 1529 eius
508 1467 584 1530 sunt
605 1463 698 1528 haec:

510 1607 566 1644 non
584 1594 650 1644 sunt
666 1588 696 1642 hi
713 1590 778 1656 mei,
798 1606 867 1658 quos
884 1590 977 1658 putas,
996 1589 1135 1655 versiculi,

511 1675 560 1728 sed
578 1673 683 1743 Aesopi
701 1675 773 1741 sunt,
792 1674 893 1728 Avieni
912 1675 942 1728 et
959 1673 1089 1741 Phaedri,

512 1775 582 1827 quos
600 1759 711 1828 collegi,
730 1758 847 1827 Pyrrhe,
866 1759 899 1812 ut
917 1759 1011 1813 essent
1028 1757 1113 1812 utiles
1131 1759 1191 1815 tibi.

360 1869 479 1934 Addita
506 1873 582 1934 sunt
612 1869 712 1952 ipsius
740 1868 864 1934 Perotti
892 1870 1122 1954 epigrammata
1143 1869 1200 1950 45,
1234 1871 1272 1935 de
1301 1871 1416 1954 quibus

275 1971 371 2036 etiam
395 1971 429 2034 in
458 1969 658 2054 praefatione
681 1970 757 2056 agit.
804 1970 853 2034 Ob
882 1969 915 2034 id
942 1971 1047 2055 ipsum
1076 1971 1110 2034 in
1139 1972 1247 2036 codiee
1269 1971 1416 2036 Romano

274 2073 396 2156 sylloge
419 2093 583 2156 perperam
614 2071 768 2155 inscripta
795 2071 855 2136 ita:
893 2072 1022 2136 Nicolai
1046 2071 1165 2137 Perotti
1187 2075 1430 2156 epigrammata,

274 2180 302 2239 et
326 2175 464 2256 fetidae.
511 2172 627 2238 Omnia
655 2177 762 2238 autem
790 2173 870 2238 haec
897 2173 1040 2261 carmina
1067 2173 1157 2238 nullo
1188 2175 1283 2258 plane
1306 2174 1417 2240 ordine

245 2279 250 2286 ’
274 2275 432 2360 permixta
453 2276 605 2361 leguntur
628 2279 660 2341 et
681 2275 823 2340 confusa.

359 2376 483 2442 Perotti
511 2377 744 2463 anthologiam,
780 2398 852 2441 cum
885 2377 949 2440 iam
977 2377 1131 2443 Orvillius
1159 2401 1234 2443 usus
1262 2382 1346 2443 esset
1371 2401 1416 2462 ea,

276 2480 330 2563 qui
353 2500 434 2562 quae
456 2481 586 2542 notarat
608 2500 646 2542 ex
669 2500 706 2542 ea
728 2477 914 2543 Burmanno
938 2477 1054 2543 Maiori
1081 2479 1255 2562 concessit,
1283 2481 1417 2544 111809

275 2579 413 2664 Neapoli
434 2579 557 2662 primus
580 2577 679 2643 edidit
701 2578 857 2644 Cassittus
880 2602 918 2644 ex
940 2579 1049 2644 codiee
1070 2577 1304 2664 Neapolitano,
1327 2582 1417 2646 cuius

276 2687 384 2746 tamen
407 2680 504 2745 verba
525 2703 619 2765 saepe
641 2680 706 2765 legi
728 2703 795 2745 non
817 2684 958 2764 possent,
984 2681 1062 2745 1811
1086 2680 1226 2745 lanellus
1241 2704 1280 2745 ex
1296 2681 1416 2765 eodem,

276 2783 430 2848 acerrima
452 2781 547 2846 simul
569 2783 776 2847 contentione
800 2786 881 2865 orta,
909 2804 982 2846 cum
1003 2785 1137 2865 uterque
1159 2781 1285 2846 laudem
1306 2783 1416 2848 inven-

276 2889 381 2949 tarum
403 2883 541 2948 Phaedri
563 2883 760 2967 fabularum,
789 2905 870 2967 quae
893 2883 955 2948 hoc
978 2881 1085 2948 codice
1108 2883 1329 2968 continentur,
1354 2888 1418 2948 tra-

276 2987 366 3050 heret
387 2984 427 3050 ad
449 3006 527 3049 sese.
565 2986 603 3048 A.
631 2984 709 3050 1831
733 2983 878 3070 Angelus
900 2984 1004 3049 Maius
1033 2985 1169 3068 expletis
1197 3006 1236 3050 ex
1258 2984 1417 3050 Vaticano

276 3088 360 3153 libro
388 3086 511 3151 lacunis
532 3084 741 3169 Neapolitani
764 3109 832 3169 eas,
857 3108 937 3170 quae
959 3108 1027 3151 non
1049 3090 1177 3152 exstant
1197 3087 1232 3152 in
1255 3085 1417 3153 codicibus

277 3189 425 3272 Gallicis,
459 3187 564 3253 denuo
592 3187 691 3252 edidit
724 3189 757 3252 in
789 3188 995 3253 classicorum
1024 3188 1229 3253 eVaticanis
1256 3187 1417 3254 codicibus

276 3290 539 3374 depromptorum
553 3294 642 3353 tomo
658 3288 721 3373 1113
746 3290 829 3354 unde
845 3291 999 3374 repetitae
1015 3294 1090 3355 sunt
1111 3290 1258 3374 proximo
1275 3312 1360 3354 anno
1384 3291 1418 3353 iu

277 3392 499 3476 supplemento
524 3390 660 3456 Phaedri
683 3391 848 3456 Orelliani.
891 3390 966 3456 Alia
988 3395 1093 3456 autem
1115 3390 1302 3476 apographa
1324 3391 1417 3474 syllo-

277 3515 332 3578 ges
355 3493 520 3558 aPerotto
542 3492 646 3557 factae
668 3496 794 3575 praeter
809 3492 1002 3557 Vaticanum
1024 3513 1061 3556 ac
1076 3491 1328 3576 Neapolitanum
1350 3514 1417 3557 nou

276 3595 426 3659 videntur
447 3597 580 3659 exstare.
619 3591 689 3669 Quo
712 3595 813 3678 magis
835 3593 1008 3658 dolendum
1031 3597 1088 3677 est,
1117 3592 1203 3677 quod
1225 3591 1328 3656 Maius
1350 3615 1417 3658 nou

277 3696 430 3762 sustinuit
455 3695 559 3760 denuo
588 3694 680 3760 edere
708 3719 746 3760 ex
769 3695 926 3761 Vaticano
953 3695 1036 3760 libro
1067 3694 1193 3760 fabulas
1221 3693 1338 3759 codicis
1360 3695 1417 3759 Pe-

180 3801 182 3807 ’
278 3797 392 3863 rotlini
421 3819 489 3881 eae,
519 3819 601 3881 quae
630 3797 725 3862 etiam
752 3797 788 3862 in
809 3796 899 3860 libris
922 3796 1054 3861 Gallicis
1083 3800 1173 3879 sunt,
1203 3795 1356 3879 quoniam
1383 3796 1418 3860 in

279 3899 443 3983 scriptore,
466 3898 555 3963 cuius
575 3902 641 3963 tam
656 3899 751 3982 pauci
766 3902 893 3963 exstant
907 3896 1042 3982 codices,
1065 3897 1174 3962 omnia
1196 3895 1418 3981 undecumque

280 4000 462 4085 colligenda
484 4004 576 4065 erant
597 4000 737 4065 subsidia
759 4000 878 4065 critica.
1387 4017 1389 4022 ’

361 4101 401 4166 In
432 4101 483 4166 his
515 4101 682 4187 potissima
709 4101 805 4188 longe
836 4104 962 4166 constat
994 4122 1060 4165 esse
1092 4100 1172 4166 duos
1204 4099 1304 4165 libros
1333 4101 1418 4166 inter

278 4224 311 4266 se
334 4202 514 4268 simillimos
540 4204 575 4267 in
598 4203 703 4268 Gallia
725 4224 806 4268 saec.
831 4201 861 4266 X
883 4203 1034 4288 scriptos,
1061 4201 1277 4268 Pithceanum
1305 4204 1337 4265 et
1358 4200 1418 4264 Re-

278 4325 438 4387 mensem,
465 4327 482 4368 1
505 4304 620 4388 quibus
642 4306 750 4369 tamen
772 4303 939 4368 Remensis
962 4325 1046 4368 anno
1073 4302 1323 4369 ruminando
1347 4307 1417 4366 orto

279 4404 384 4490 periit.
429 4404 473 4470 Hi
502 4405 580 4490 quin
609 4427 647 4470 ex
676 4404 838 4472 communi
869 4404 1042 4489 archetypo
1073 4405 1239 4490 fluxerint,
1270 4425 1337 4469 non
1370 4407 1419 4470 est
