3298 5110
799 305 811 320 u

711 324 900 368 -Ο.-.

232 480 312 541 quae
340 462 416 522 sunt
441 459 550 522 rao-rtis
571 460 607 522 iu
627 458 758 536 solacia,
786 456 934 521 exstitere
957 458 1011 541 qui
1034 458 1177 538 dicerent
1204 458 1290 524 dicta
1317 483 1376 544 pro

231 561 267 624 iu
299 560 466 636 sommant,
502 561 539 622 ut
568 559 603 624 tu
633 559 730 622 finem
765 557 816 622 vel
849 558 1018 622 consilium
1049 559 1253 643 significaret.
1299 560 1377 635 Quis

231 664 339 725 autem
366 661 510 746 ignorat,
540 682 636 744 quarn
665 679 759 743 saepe
782 681 801 722 a
822 659 962 724 librariis
990 681 1045 724 uua
1072 664 1143 726 eto
1170 661 1282 726 finales
1311 663 1377 726 sint

232 762 406 827 confusae?
428 761 629 844 Quamquam
644 763 729 825 recte
746 759 848 844 egisse
865 760 1015 825 videntur
1030 765 1107 841 rarii,
1131 763 1187 846 qui
1201 761 1377 830 ¹scriberent

229 877 303 926 'cum
318 863 452 927 Heinsio
475 864 584 928 rucrtis
605 884 644 928 eu
665 863 824 948 solacium.
859 860 929 926 Nec
951 884 1026 926 vero
1050 863 1133 931 ἅπαξ
1149 865 1298 945 εἰρημένα
1320 867 1377 928 aut

230 964 323 1048 plura
352 969 407 1028 aut
440 963 609 1029 audaciora
642 963 740 1028 habet
773 984 870 1046 quam
902 963 1047 1047 plerique
1080 968 1227 1029 auctores
1256 964 1375 1030 Latini.

128 1129 135 1144 ,
230 1065 299 1130 Nec
331 1067 358 1129 si
392 1067 489 1130 semel
517 1067 606 1130 bisve
631 1064 817 1129 inveniatur
846 1062 931 1149 apud
960 1064 1140 1129 Phaedrum
1169 1066 1375 1131 soloecismus

229 1167 291 1252 ipsi
313 1167 516 1246 tribuenduS,
546 1189 614 1231 non
636 1166 790 1249 librariis,
820 1164 908 1229 alind
930 1165 1105 1250 quidquam
1127 1167 1291 1232 admisisse
1314 1167 1376 1232 erit

230 1261 476 1347 existimandus,
512 1291 609 1352 quam
642 1267 728 1352 quod
760 1266 865 1350 quivis
897 1264 964 1331 fere
998 1267 1135 1350 scriptor
1168 1271 1375 1352 quantumvis

230 1374 395 1454 praestans
423 1374 491 1435 arte
521 1369 656 1434 dicendi.
701 1367 835 1452 Legitur
861 1368 946 1451 apud
974 1390 1046 1432 eum
1074 1368 1104 1452 Ι,
1127 1369 1159 1453 8,
1184 1371 1219 1435 7:
1248 1373 1375 1438 taudem

225 1492 383 1554 [tasuasa
406 1477 449 1536 est
470 1472 678 1537 iureiurando
698 1471 789 1554 pruts
810 1491 870 1553 pro
886 1489 1078 1552 persuasura
1099 1476 1146 1550 est
1161 1473 1238 1554 prat
1260 1475 1292 1536 et
1314 1471 1373 1555 Ill,

228 1575 260 1654 5,
280 1573 315 1638 8:
335 1593 508 1656 persuasus
529 1574 581 1638 illc
600 1573 674 1654 fecit
694 1571 875 1636 imitatione
899 1570 1110 1656 Graecorum,
1139 1575 1176 1636 ut
1199 1573 1295 1637 etiam
1317 1573 1372 1638 alii

230 1672 359 1758 quidam
382 1678 527 1740 auctores
552 1674 630 1738 boni
653 1674 804 1737 dixerunt
819 1693 995 1755 persuasus
1015 1694 1086 1739 sum
1107 1697 1166 1758 pro
1183 1696 1374 1758 persuasura

230 1777 395 1856 estrada,
424 1798 454 1841 v.
478 1798 503 1840 c.
528 1775 669 1840 Ovidius.
720 1773 782 1840 Sed
814 1774 902 1860 finge
936 1796 1009 1839 eum
1041 1775 1278 1860 ita.scripsisse
1304 1777 1373 1842 sine

230 1877 389 1962 exemplo,
419 1899 497 1941 num
524 1877 595 1942 ideo
623 1878 684 1942 erit
709 1877 871 1962 putandus
898 1877 1064 1962 ignorasse
1093 1899 1273 1942 sermonem
1303 1878 1374 1943 lati·

229 1979 329 2044 num?
350 1978 469 2044 Nonne
484 1978 638 2044 Horatius
653 1978 735 2042 dixit
749 1979 900 2058 irrideor,
923 1981 959 2042 ut
974 1983 1169 2064 φθονοῦμαι,
1192 2000 1252 2043 nec
1267 1979 1373 2044 minus

229 2085 374 2165 iorpcror,
397 2085 434 2145 ut
456 2080 614 2162 dpxopu1?
640 2080 684 2145 Et
706 2079 833 2144 Marcus
849 2077 962 2158 Varro,
986 2078 1207 2144 Romanorum
1229 2080 1279 2144 sui
1301 2082 1371 2146 aevi

229 2182 439 2264 doctissimus,
463 2182 496 2245 id
518 2182 580 2246 sibi
602 2181 745 2259 indulsit,
769 2181 855 2264 quod
876 2179 969 2263 pueri
991 2179 1086 2244 hodie
1100 2202 1168 2245 non
1188 2182 1257 2246 sine
1279 2183 1371 2267 gravi

228 2306 333 2368 poena
354 2283 574 2360 committunt,
605 2283 803 2363 satisfacitur
825 2283 862 2345 ut
883 2280 1003 2346 diceret
1024 2303 1082 2364 pro
1104 2284 1229 2365 satisfit.
1274 2282 1373 2348 Plura

228 2388 334 2450 autern
356 2384 521 2468 aliquanto
544 2405 641 2467 quam
659 2382 743 2467 apud
758 2382 899 2466 reliquos
916 2404 1027 2457 omnes
1049 2383 1312 2448 soloecismorum
1334 2406 1372 2449 ac

229 2486 496 2551 barbarismorum
519 2485 664 2570 exempla
681 2484 766 2569 apud
781 2484 920 2550 comicos
935 2484 1068 2568 reperiri
1083 2488 1197 2551 notum
1213 2488 1271 2570 est,
1294 2508 1372 2570 quo-

229 2610 298 2652 rum
314 2587 499 2672 quidemtin
521 2587 583 2652 hac
603 2591 693 2671 parte
708 2586 874 2651 audaciam
888 2585 1020 2650 minime
1036 2586 1181 2651 imitatur
1195 2586 1370 2671 Phaedrus,

228 2689 287 2753 etsi
309 2689 350 2752 ab
372 2687 487 2754 horum
509 2689 632 2773 pariter
654 2692 686 2752 et
708 2688 910 2752 satiricorum
932 2686 1018 2752 haud
1039 2687 1086 2752 ita
1113 2688 1250 2752 multum
1273 2687 1372 2753 distat

229 2791 296 2854 eius
318 2810 419 2876 genus
442 2790 581 2872 dicendi,
611 2789 729 2874 quippe
752 2787 838 2873 quod
861 2791 893 2852 et
913 2788 1018 2871 ipsum
1043 2791 1092 2870 (ut
1113 2788 1241 2853 Horatii
1265 2791 1370 2854 verbis

228 2893 313 2976 utar)
335 2913 393 2975 per
415 2893 549 2955 humum
571 2893 663 2975 repat
685 2892 718 2955 et
745 2889 925 2954 cotidianae
956 2889 1039 2954 vitae
1069 2912 1191 2954 morem
1219 2889 1371 2974 loquendi

227 2993 345 3058 referre
368 2992 478 3058 soleat.
1226 3070 1228 3074 ¹

312 3094 397 3158 Hinc
420 3096 517 3158 etiam
539 3095 658 3172 evenit,
686 3097 723 3158 ut
745 3097 777 3158 et
799 3093 971 3176 aliquando
996 3092 1152 3158 dictiones
1173 3093 1315 3177 plebeias
1338 3098 1370 3158 et

228 3196 353 3280 saepius
386 3195 536 3259 adhibeat
567 3195 723 3258 vocabula
754 3215 869 3279 graeca
899 3194 1105 3278 (quamquam
1134 3195 1202 3278 ipse
1231 3195 1367 3278 append.

227 3299 292 3362 fab.
316 3297 357 3362 28
381 3296 511 3360 Graecis
532 3296 675 3380 inopiam
698 3295 869 3359 verborum
892 3294 1086 3379 exprobrat),
1110 3316 1136 3359 e.
1160 3317 1185 3360 c.
1209 3297 1368 3378 cinaedus,

224 3405 329 3482 ppcta,
352 3403 469 3481 systus,
495 3399 587 3477 basis,
611 3398 749 3480 stropha,
775 3397 883 3476 tribas,
911 3398 1097 3475 antidotum,
1121 3397 1223 3476 melos,
1241 3418 1368 3481 peprna,

228 3503 372 3580 toxicator,
394 3500 579 3582 triclinium,
601 3500 725 3582 suptus,
746 3500 919 3582 ppurur'cus,
943 3499 1080 3562 rarrsr'cus
1101 3497 1175 3562 alia.

312 3600 418 3667 Vnam
446 3601 648 3686 potissimum
676 3622 743 3664 rem
771 3599 806 3664 in
833 3599 972 3664 dictione
995 3599 1133 3663 Phaedri
1162 3600 1248 3666 dicas
1276 3603 1368 3665 nota-

230 3705 332 3782 bilem,
357 3703 443 3787 quod
465 3725 559 3786 saepe
580 3703 740 3767 abstracta
761 3701 855 3785 ponit
875 3723 935 3784 pro
961 3701 1128 3785 concretis,
1152 3704 1188 3766 ut
1209 3701 1234 3785 l,
1257 3703 1287 3787 3,
1313 3703 1367 3766 lu:

228 3827 281 3870 uec
310 3807 392 3871 lianc
419 3805 577 3888 repulsam
604 3810 661 3869 tua
687 3805 815 3868 sentiret
842 3803 1008 3868 colonatus
1029 3823 1089 3886 pro
1112 3807 1145 3866 tu
1167 3804 1369 3869 calamitosus

227 3909 369 3986 scutr'res,
399 3908 455 3970 aut
476 3903 505 3980 l,
533 3906 586 3988 13,
614 3905 665 3969 12:
695 3910 762 3969 tuuc
788 3905 912 3969 dmum
938 3904 1091 3988 inperauit
1117 3906 1202 3970 coru
1228 3906 1368 3988 deceptus

227 4015 335 4092 stupor
356 4030 415 4092 pro
437 4009 590 4090 iupemrrit
610 4008 751 4090 deceptus
772 4027 882 4071 coruus
906 4006 1147 4090 stupidissimus.
1184 4003 1272 4082 Quae
1295 4029 1368 4071 con-

227 4109 360 4175 structio
383 4130 455 4172 cum
478 4108 648 4173 admodum
670 4108 821 4192 frequens
843 4107 885 4172 sit
899 4106 984 4191 apud
1005 4107 1091 4172 huno
1112 4110 1248 4190 potitam,
1272 4108 1367 4171 ctiam

227 4212 272 4276 ibi
299 4210 359 4275 hac
386 4231 479 4274 usum
508 4231 580 4274 eum
611 4210 776 4294 probabile
803 4213 865 4292 est,
894 4209 949 4273 ubi
977 4230 1052 4273 suus
1082 4208 1176 4272 etiam
1207 4209 1366 4273 abstracto

226 4315 316 4378 locus
338 4315 395 4376 est.
904 4321 906 4327 ’

311 4413 545 4502 Proprietatem
568 4419 674 4478 autem
697 4413 791 4479 istam
814 4411 940 4479 dicendi
964 4412 1042 4497 (qua
1064 4434 1139 4478 sane
1161 4411 1258 4478 etiam
1274 4411 1366 4478 multi
