3298 5110
674 301 906 368 ..17.„.

207 462 381 543 imperator
402 458 456 522 ille
479 458 611 522 ultimus
632 459 722 520 urbis
736 455 857 519 Romae
881 453 1008 539 (similis
1030 452 1147 517 erroris
1170 450 1349 536 exemplum

207 566 298 626 notat
321 558 590 644 Oesterleiusvpg.
607 560 672 644 21).
713 557 834 622 Contra
854 556 995 639 priorem
1018 554 1252 639 praefationem
1274 575 1349 617 ano-

207 663 312 746 nymi,
347 660 386 725 ad
414 659 535 724 Rufum
567 681 648 744 quae
679 661 763 722 esset
790 659 863 722 data
895 657 1089 741 antiquituS‚
1123 657 1283 741 integram
1316 660 1352 718 ut

208 763 333 827 videtur
356 763 391 826 in
415 762 534 826 calcem
561 761 667 844 operis
696 758 843 826 coniecit.
888 757 972 822 Vsus
999 762 1106 822 autem
1128 761 1177 822 est
1198 758 1351 841 anonymi

72 883 94 954 J
207 866 336 948 Aesopo
359 868 425 928 tam
448 861 676 946 imprudenter,
699 863 736 924 ut
758 859 907 939 crederet,
935 861 1099 941 Aesopum
1121 880 1189 922 esse
1211 859 1351 924 civitatis

208 966 351 1050 Atticae;
386 985 580 1048 quamquam
607 962 671 1027 fuit
698 962 751 1026 hic
781 981 870 1026 error
895 959 1031 1024 fortasse
1059 959 1159 1042 ipsius
1182 961 1350 1044 anonymi3

208 1066 249 1131 cf.
273 1065 312 1140 V,
340 1069 376 1129 11
407 1065 454 1128 cd.
479 1064 650 1132 Wissemb.
697 1061 766 1138 Quo
795 1061 921 1126 facilius
943 1061 1031 1126 fraus
1053 1061 1181 1146 lateret,
1210 1063 1351 1146 quinque

209 1165 428 1250 antiquissimi
455 1166 598 1250 corporis
625 1165 724 1230 libros
752 1163 875 1248 redegit
901 1164 935 1226 in
965 1165 1117 1246 quattuor
1148 1167 1181 1227 et
1208 1163 1351 1228 ordinem

208 1269 389 1334 fabularum
416 1266 503 1332 haud
531 1289 605 1332 raro
633 1288 670 1331 ac
693 1266 818 1349 saepius
839 1264 942 1329 multo
965 1263 1138 1328 dictionem
1160 1264 1351 1330 immutavit.

210 1368 359 1434 Eundem
382 1367 525 1432 omisisse
547 1368 678 1448 fabulas
695 1365 848 1449 quasdam
871 1367 1015 1448 corporis
1037 1365 1253 1448 antiquissimi
1275 1366 1352 1430 satis

210 1472 345 1536 constat.
389 1468 474 1532 Nam
503 1469 562 1532 etsi
591 1490 629 1532 ex
662 1467 799 1551 duabus,
833 1489 912 1551 quas
945 1467 1043 1531 adicit
1074 1467 1172 1531 codex
1199 1466 1352 1532 Wissem-

209 1570 395 1655 burgensis,
423 1569 556 1652 fabulis,
579 1569 618 1654 V,
642 1570 661 1632 9
684 1571 716 1632 et
740 1569 795 1652 10,
823 1568 964 1651 priorem
987 1568 1085 1632 etiam
1106 1568 1142 1632 in
1165 1567 1273 1633 codiee
1296 1567 1353 1632 Di-

210 1671 357 1736 vionensi
385 1670 514 1734 Romuli
541 1671 705 1735 inventam
728 1692 747 1733 a
770 1669 875 1734 Gudio
903 1673 1040 1734 testatur
1064 1668 1287 1758 Burmannus,
1321 1673 1354 1732 et

211 1773 289 1837 adeo
312 1776 481 1854 utramque
503 1771 538 1836 in
561 1771 668 1838 codiee
692 1770 831 1854 quodam
847 1770 1092 1835 Vindobonensi
1114 1769 1243 1834 Romuli
1265 1792 1354 1854 repe-

210 1875 267 1938 riri
297 1877 407 1936 narrat
435 1873 592 1936 Aemilius
621 1871 770 1936 Grossius
802 1894 877 1936 ann.
905 1870 1018 1954 philol.
1046 1894 1073 1936 a.
1100 1871 1181 1936 1872
1202 1893 1257 1957 pg.
1282 1872 1354 1954 799,

211 1979 319 2039 tamen
342 1973 497 2056 anonymi
518 1972 700 2038 Nilantiani
723 1973 845 2058 sylloge
868 1973 945 2037 satis
967 1972 1121 2055 probatur
1143 1972 1178 2035 in
1201 1974 1354 2056 antiquis-

210 2077 291 2140 simo
308 2097 441 2158 corpore
456 2074 640 2139 fabularum
654 2074 775 2158 Aesopi
798 2075 906 2158 plures
928 2073 1026 2137 fuisse
1049 2095 1145 2157 quam
1163 2074 1198 2137 in
1213 2073 1353 2137 Romuli.

211 2177 333 2242 Contra
355 2177 407 2239 vix
430 2175 523 2240 oredo
539 2177 580 2238 ab
596 2176 666 2258 ipso
682 2173 822 2238 Romulo
837 2174 1059 2258 undecumque
1075 2173 1200 2238 fabulas
1216 2173 1354 2238 adiectas

211 2300 321 2343 novas,
355 2276 557 2359 Quapropter
579 2275 718 2340 maxima
732 2261 863 2340 Romuli
884 2276 935 2339 vel
956 2276 1065 2358 potius
1088 2275 1184 2339 unica
1205 2275 1285 2338 haec
1307 2276 1355 2338 est

211 2379 296 2463 19113,
330 2377 417 2462 quod
450 2377 624 2442 dictionem
652 2378 774 2460 Aesopi
808 2381 903 2441 antea
936 2377 1065 2442 crudam
1099 2381 1130 2442 et
1161 2377 1355 2440 salebrosam
1480 2455 1482 2463 J

211 2481 307 2563 paulo
329 2479 468 2546 reddidit
491 2477 740 2543 commodiorem
763 2482 795 2543 et
816 2478 994 2542 faciliorem
1016 2478 1208 2564 legentibus.

297 2583 442 2664 Apparet
468 2602 506 2644 ex
533 2581 621 2645 hisce
650 2579 909 2663 antiquissimum
930 2578 1011 2643 illud
1034 2602 1150 2664 corpus
1172 2579 1355 2645 fabularum

212 2683 351 2746 auctoris
374 2683 528 2765 anonymi
549 2703 617 2746 non
638 2703 732 2764 posse
755 2681 882 2746 rest'tui
903 2681 967 2746 nisi
983 2681 1162 2745 coniunctis
1182 2683 1215 2744 et
1228 2702 1356 2763 compo-

212 2785 282 2849 sitis
305 2784 457 2868 anonymi
480 2782 792 2866 Wissemburgensis
818 2803 855 2848 ac
877 2781 1058 2847 Nilantiani
1086 2783 1206 2867 pariter
1234 2803 1270 2846 ac
1292 2779 1355 2845 Ro-

212 2885 292 2948 muli
314 2885 456 2969 syllogis,
480 2906 673 2968 quamquam
688 2905 728 2946 ne
744 2883 790 2946 sio
805 2883 934 2967 quidem
948 2885 1111 2969 integrum
1130 2885 1226 2949 licere
1241 2884 1356 2966 reponi

215 2987 294 3049 mihi
316 3007 501 3068 persuasum
526 2990 583 3051 est.

300 3085 516 3151 Continentur
537 3091 644 3152 autem
665 3071 752 3150 libro
765 3085 1059 3172 Wissemburgensi
1080 3085 1207 3151 fabulae
1225 3086 1287 3168 59„
1301 3085 1356 3148 Ni·

216 3187 360 3251 lantiano
384 3189 434 3271 67,
464 3187 593 3252 Romuli
616 3187 671 3270 84,
701 3187 736 3251 in
767 3191 923 3271 qnantum
956 3191 1082 3253 constat
1111 3191 1199 3269 (nam
1228 3191 1264 3250 ut
1292 3187 1356 3250 dixi

217 3289 527 3374 Wissemburgensis
557 3289 597 3367 V,
621 3289 641 3352 9
663 3291 696 3352 et
720 3289 759 3352 10
792 3290 826 3353 in
858 3289 945 3353 illius
975 3289 1083 3353 codice
1113 3288 1357 3353 Vindobonensi

214 3391 387 3475 prostant).
423 3389 542 3455 Omnes
565 3391 697 3455 omnino
719 3388 847 3455 fabulae
869 3412 1002 3455 numero
1026 3391 1077 3456 99.
1114 3389 1153 3454 111
1175 3390 1256 3454 libro
1272 3389 1358 3452 Wis-

216 3493 437 3578 semburgensi
459 3494 550 3558 nulla
572 3497 629 3577 est,
654 3489 732 3577 quin
755 3491 850 3556 etiam
870 3493 955 3577 apud
970 3492 1143 3556 Romulum
1165 3491 1356 3575 reperiatur3

216 3598 330 3658 eontra
351 3595 436 3678 apud
457 3596 544 3660 hune
567 3595 654 3680 XIV,
688 3594 773 3680 apud
806 3616 1003 3677 anonymum
1027 3594 1152 3659 Nilant
1178 3592 1241 3657 XV
1271 3593 1358 3656 inve·

216 3696 350 3759 niuntur
365 3698 513 3780 propriae
529 3699 724 3777 alterutrius,
740 3717 837 3781 porro
853 3695 1001 3760 undecim
1016 3696 1165 3779 propriae
1181 3695 1356 3777 utriusque.

299 3797 348 3862 De
367 3797 513 3864 fontibus
535 3803 641 3864 autem
670 3798 785 3862 harum
813 3797 995 3861 fabularum
1018 3818 1090 3861 cum
1113 3818 1189 3860 cura
1212 3795 1360 3880 exposuit

216 3897 369 3984 1101111113,
399 3900 489 3965 euius
515 3901 721 3966 inventorum
750 3902 842 3982 parte
871 3900 999 3963 utimur.
1024 3937 1065 3947 -
1093 3897 1198 3982 Igitur
1219 3897 1359 3981 primum
1394 3951 1396 3955 .

217 4005 352 4084 apparet
378 4023 496 4066 novem
528 4001 653 4067 fabulas
681 3999 787 4087 (Rom.
809 4000 867 4077 IV,
894 4001 1032 4086 11-19)
1054 4021 1092 4063 ex
1115 3998 1263 4063 Dosithei
1292 3998 1359 4081 (qui

217 4103 298 4173 vixit
330 4123 412 4167 saec.
435 4126 468 4186 p.
493 4103 567 4168 Ohr.
591 4102 639 4168 HI
667 4102 776 4188 init-io)
809 4103 1169 4186 interpretamentorum
1200 4098 1282 4164 libro
1310 4098 1360 4162 ΙΙΙ

217 4207 405 4288 assumptas.
450 4203 563 4289 Neque
586 4205 756 4290 indignum
779 4205 933 4268 memoria
958 4203 993 4267 in
1015 4203 1123 4268 codice
1147 4201 1359 4265 Wissembur-

217 4311 309 4391 gensi
331 4306 543 4389 epimythium
557 4306 686 4371 fabulae
702 4306 740 4370 de
756 4327 852 4370 corvo
869 4309 901 4368 et
916 4305 1011 4388 vulpe
1027 4327 1065 4368 ex
1086 4303 1228 4368 eiusdem
1250 4302 1360 4367 fabula

218 4411 267 4492 (u)
289 4409 437 4491 petitum.
478 4407 651 4472 'Praeterea
672 4407 797 4472 fabulas
820 4407 968 4472 0110950
991 4428 1028 4470 ex
1051 4405 1190 4470 Phaedri
1213 4405 1359 4470 carmini-

269 4520 293 4560 Ιι.
308 4518 449 4568 Mueller,
463 4519 496 4559 De
510 4519 608 4558 Phaedri
623 4523 646 4557 et
661 4518 746 4558 Aviani
760 4517 853 4558 fabulis.
1143 4512 1157 4562 2
