3298 5110
634 637 764 692 Asellus
783 639 816 690 et
834 639 903 690 bos.

402 756 512 810 Asellus
529 758 559 811 et
576 757 627 810 bos
645 774 700 810 uno
719 756 817 812 sociati
834 758 901 826 iugo
1253 823 1258 830 ι

400 839 559 895 Plaustrum
578 841 735 895 trahebant.
771 839 826 896 Bos
845 841 912 894 dum
931 843 1024 896 tendit
1043 843 1175 910 validiuS,

402 924 494 978 Cornu
512 924 658 994 confregit.
693 925 795 979 Asinus
812 926 945 981 immotus
963 928 1056 996 gravi¹

402 1008 543 1063 Consortis
561 1025 626 1062 casu
644 1009 770 1078 praestat
787 1009 828 1062 nil
845 1010 1002 1066 levaminis.

401 1093 552 1147 Confectus
570 1109 655 1147 onere
673 1094 760 1148 nimio
781 1095 878 1148 bosut
896 1095 1009 1161 corruit,

400 1178 487 1232 Asino
504 1174 642 1231 bubulcus
660 1194 772 1232 earnem
791 1178 913 1248 imponit
930 1178 1042 1236 mortui.

400 1263 516 1316 Auritus
533 1262 626 1331 plagis
644 1261 722 1316 mille
740 1261 845 1318 fractus
864 1263 967 1329 deficit,

401 1346 437 1398 Et
455 1345 611 1414 exspiravit
626 1345 721 1399 media
739 1347 877 1416 collapsus
895 1347 950 1402 via.

401 1431 473 1483 Tum
491 1429 620 1483 volucres
638 1428 819 1485 advenientes
837 1431 1026 1500 adpraedam
1044 1449 1160 1488 novam:

400 1513 430 1567 Si
447 1516 476 1567 te
494 1513 623 1582 precanti
640 1514 740 1568 mitem
758 1513 930 1570 exhibuisses
949 1517 1023 1584 bovi,

400 1597 464 1653 Non
482 1597 632 1652 immaturo
650 1614 700 1651 nos
718 1598 836 1652 interitu
853 1615 991 1668 pasceres.

737 1750 796 1816 III.

613 1873 718 1925 Culex
736 1873 770 1924 et
787 1874 913 1926 taurus.

283 2049 285 2054 ,
401 1992 487 2047 Culex
506 2009 571 2046 cum
588 1991 701 2044 taurum
717 1993 898 2060 provocasset
915 1993 1028 2060 viribus,

402 2077 512 2131 Venere
530 2075 630 2144 populi
647 2074 750 2142 cuncti,
769 2077 800 2130 ut
816 2093 942 2145 pugnam
960 2080 1115 2134 cernerent.

399 2161 477 2214 Tunc
494 2160 556 2214 ille:
576 2159 645 2213 satis
664 2160 714 2226 est,
733 2159 810 2228 quod
828 2161 931 2215 venisti
949 2163 1118 2226 comminus;

399 2244 454 2298 Par
471 2243 524 2298 tibi
542 2261 604 2297 sum
622 2244 712 2298 factus
730 2260 833 2313 nempe
850 2244 955 2300 iudicio
973 2247 1032 2301 tuo.

399 2328 472 2382 Hinc
490 2344 518 2381 se
537 2344 588 2396 per
606 2343 688 2381 auras
706 2327 820 2382 sustulit
837 2328 925 2397 pinna
942 2330 1008 2396 levi,

398 2412 533 2482 Lusitque
552 2411 665 2467 turbam
684 2412 714 2465 et
730 2411 804 2465 tauri
822 2413 952 2467 destituit
968 2414 1067 2468 minas.

400 2498 453 2563 Qui
473 2497 496 2550 si
513 2497 613 2552 fuisset
630 2496 742 2550 validae
761 2497 877 2551 cervicis
895 2513 1011 2564 memor,

398 2581 567 2636 Pudendum
584 2580 799 2649 contempsisset
816 2581 1016 2649 adversarium,

399 2666 459 2720 Nec
477 2667 576 2736 inepta
593 2682 622 2719 se
640 2665 774 2720 iactasset
790 2664 931 2736 gloriatio.

400 2751 458 2804 Sibi
476 2750 537 2819 ipse
555 2750 704 2816 obtrectat,
722 2749 771 2818 qui
788 2766 817 2802 sc
834 2750 959 2820 indignis
977 2753 1131 2819 comparat.

282 2888 405 2952 Harum
428 2887 610 2952 fabularum
632 2860 716 2970 apud
739 2884 927 2969 Romulum,
957 2887 1012 2970 qui
1040 2887 1176 2972 primam
1199 2887 1337 2971 exhibet,

198 2995 231 3055 et
245 3011 443 3073 anonymum
457 2987 489 3052 N
490 2988 605 3070 ilantii,
629 2987 685 3070 qui
700 2988 871 3052 secundam
886 2992 919 3052 et
936 2988 1074 3072 tertiam,
1097 2988 1336 3072 descriptiones,

196 3090 250 3156 hic
272 3090 339 3154 illic
361 3111 381 3152 a
402 3111 453 3153 me
476 3092 646 3172 correctae,
673 3088 883 3154 inveniuntur
905 3088 980 3152 hae:

750 3256 815 3340 1..

282 3393 431 3459 Gladium
447 3393 561 3476 viator,
584 3393 659 3456 dum
675 3391 868 3476 ambulabat,
891 3392 1048 3458 iacentem
1070 3392 1197 3458 invenit
1217 3393 1252 3456 in
1274 3394 1335 3458 via.

197 3497 298 3572 Quem
321 3494 547 3580 interrogavit:
577 3495 648 3577 quis
675 3497 707 3559 te
729 3492 892 3577 perdidit?
923 3493 974 3559 cui
1002 3497 1114 3560 contra
1142 3495 1257 3559 telum:
1285 3517 1336 3560 me

196 3598 323 3682 quidem
347 3619 440 3680 unce,
463 3617 523 3681 ego
546 3617 622 3660 vero
637 3597 764 3660 multos.
781 3633 821 3643 —
843 3595 932 3661 Haeo
954 3596 1065 3661 fabula
1085 3600 1197 3662 narrat
1216 3596 1336 3661 malum

195 3721 288 3784 posse
310 3698 431 3782 perire,
454 3696 509 3762 sed
532 3701 608 3762 ante
630 3697 739 3762 multis
761 3718 878 3762 nocere
900 3718 1004 3780 posse.

744 3865 785 3934 H.

280 4003 407 4067 Asellus
435 4007 467 4067 et
494 4004 552 4067 bos
582 4024 646 4066 uno
674 4001 788 4066 sociati
821 4003 897 4088 iugo
931 4002 1113 4067 trahebant.
1157 4002 1231 4085 bos,
1259 4001 1334 4064 dum

194 4109 329 4171 conatur
350 4105 459 4188 paullo
482 4103 618 4168 validius
640 4102 822 4187 intendere,
851 4102 950 4187 fregit
971 4124 1081 4168 cornu.
1127 4102 1244 4167 asellus
1266 4103 1334 4185 ipse

194 4208 334 4294 negabat
367 4207 468 4270 ullum
500 4205 647 4269 levamen
679 4205 802 4269 afferre.
853 4204 940 4268 solus
968 4206 1110 4268 attamen
1144 4204 1200 4269 bos
1233 4225 1334 4270 cornu

195 4313 312 4392 illtepro
334 4310 436 4374 niteas
458 4307 578 4373 corruit
605 4310 638 4371 et
666 4305 835 4370 confestim
857 4309 1002 4370 mortuus
1025 4308 1083 4368 est.
1128 4306 1254 4370 asinum
1275 4306 1332 4369 bu-

193 4411 305 4475 bulcus
327 4432 421 4476 carne
445 4409 535 4474 bovis
551 4412 731 4494 exaggerat.
769 4408 824 4491 qui
840 4407 1063 4472 multas'inter
1083 4406 1194 4492 plagas
1216 4410 1329 4492 ruptus
