3298 5110
753 249 938 312 ..2„.

278 421 319 466 ne
341 397 390 464 illi
412 397 541 484 quidem
563 404 708 466 auctores
736 402 989 485 frequentissimi
1015 407 1088 486 post
1110 403 1285 467 Alexandri
1308 403 1420 490 Magni

278 507 420 586 tempus,
448 503 503 585 qui
531 503 625 566 simul
653 504 895 587 grammaticam
920 508 952 566 et
974 507 1133 586 po‘e'ticam
1155 506 1343 568 factitarent
1364 509 1420 568 aut

279 605 349 686 qui,
377 609 413 668 ut
441 603 593 667 Horatius
621 608 700 668 1010
731 605 870 669 carmine
897 605 989 687 fecit,
1022 609 1256 691 augurarentur
1286 606 1356 670 fore
1384 611 1420 670 ut
1449 657 1452 664 ,

279 704 452 788 aliqnando
475 706 510 769 in
533 705 651 770 scholis
674 706 793 789 scripta
819 727 876 769 sua
903 705 1101 790 legerentur,
1130 708 1196 772 ullo
1224 715 1318 792 pacto
1345 711 1420 772 sunt

280 805 484 870 existimandi
506 829 678 888 puerorum
700 807 736 870 in
758 829 851 870 usum
873 829 910 872 ea
932 808 1195 872 accommodasse.

364 909 434 972 lam
457 912 493 970 ut
516 909 663 972 omittam
685 909 855 992 naufragio
871 908 928 973 1110
944 908 1147 973 classicamm
1169 910 1358 992 litterarum,
1381 907 1419 974 de
1445 991 1453 1006 ι

278 1029 341 1092 quo
366 1008 559 1093 supradixi,
582 1009 669 1072 haud
692 1010 786 1073 dubie
809 1010 904 1074 etiam
927 1010 1060 1074 haustos
1080 1033 1146 1074 esse
1169 1011 1267 1075 libros
1290 1011 1418 1093 1111106,

277 1109 334 1192 qui
355 1131 529 1192 puerorum
544 1110 584 1173 ad
598 1111 838 1175 institutionem
854 1110 999 1175 utiliores
1018 1115 1133 1193 essent,
1157 1134 1252 1195 quam
1274 1113 1420 1195 plerique

277 1232 387 1275 corum
420 1213 476 1294 qui
509 1215 652 1294 exstant,
687 1212 739 1276 vel
773 1212 813 1276 ob
846 1211 879 1275 id
912 1212 1077 1296 aliquanto
1110 1213 1257 1298 graviore
1284 1213 1420 1296 penuria

277 1312 470 1394 scriptorum
492 1313 527 1377 in
550 1313 726 1396 gymnasiis
748 1313 989 1378 tractandorum
1010 1307 1201 1398 premimur,
1231 1302 1306 1398 quia
1327 1315 1419 1398 pueri

276 1415 389 1494 nostri,
412 1415 555 1498 quinon
578 1418 615 1479 ut
636 1415 762 1497 antiqui
784 1416 895 1480 nativo
918 1420 1053 1484 utuntur
1074 1438 1220 1480 sermone
1243 1417 1344 1480 latino
1367 1417 1417 1480 vel

277 1535 409 1599 graece,
442 1515 497 1580 sed
526 1537 598 1579 enm
631 1521 876 1600 praeceptorum
907 1507 1111 1582 institutione
1144 1518 1312 1600 paullatim
1346 1540 1418 1582 cum

276 1637 394 1700 magno
422 1617 532 1681 labore
559 1618 757 1701 percipiunt,
791 1618 923 1682 retineri
950 1618 1056 1682 solent
1081 1640 1139 1702 per
1166 1619 1290 1702 aliquot
1317 1642 1418 1683 annos

277 1717 442 1781 elementis
471 1717 583 1800 primis
612 1719 838 1803 grammaticae
862 1723 894 1782 et
916 1719 1059 1802 syntaxis
1081 1740 1213 1802 graecae
1236 1720 1418 1802 latinaeque

277 1817 450 1904 discendis3
485 1840 549 1903 quo
571 1824 715 1903 tempore
737 1842 788 1884 166
810 1820 880 1904 ipsa
901 1820 978 1903 fert,
1007 1825 1044 1884 ut
1065 1843 1179 1904 parum
1202 1822 1267 1885 6111
1289 1822 1355 1904 apti
1379 1823 1418 1885 ad

275 1918 428 2003 legendos
451 1920 653 2004 antiquitatis
675 1922 846 2004 scriptores
870 1943 932 2000 eos,
957 1922 1012 2005 qui
1034 1944 1102 1986 non
1123 1926 1255 1987 utantur
1271 1944 1417 1986 sermone

276 2041 371 2103 quam
400 2021 537 2085 maxime
570 2009 671 2086 166111Δ
687 2028 720 2086 61
747 2023 904 2106 expedito.
955 2021 1005 2087 Ob
1038 2023 1071 2086 id
1103 2024 1209 2107 ipsum
1241 2047 1309 2088 101
1343 2025 1419 2088 11661

275 2123 384 2206 nobis,
414 2123 497 2187 sicut
523 2123 557 2187 in
580 2128 725 2188 veterum
748 2124 865 2189 scholis
888 2124 1012 2188 solebat
1037 2125 1121 2208 fieri,
1150 2125 1321 2190 lectionem
1343 2148 1419 2210 puc-

275 2244 384 2287 rorum
406 2223 548 2307 incipere
570 2226 610 2289 ab
632 2225 775 2290 Homero
799 2229 832 2290 et
855 2225 1019 2310 Vergilio,
1043 2227 1098 2290 sed
1120 2226 1280 2291 faciliores
1303 2228 1418 2291 eidem-

275 2345 337 2407 que
359 2326 464 2408 pretio
487 2326 653 2410 aliquanto
673 2327 813 2391 minores
836 2326 976 2411 eligendi
999 2331 1083 2410 sunt,
1107 2328 1162 2411 qui
1184 2329 1362 2394 tractentur
1383 2333 1417 2392 in

275 2425 482 2490 inferioribus
505 2427 746 2510 gymnasiorum
769 2428 932 2492 classibus.
976 2427 1061 2492 Nam
1084 2428 1170 2512 quod
1191 2429 1323 2494 fuerunt
1330 2482 1338 2515 ,
1362 2431 1417 2513 qui

275 2527 479 2591 incommodo
507 2529 560 2592 ist'
590 2528 756 2592 studerent
783 2528 902 2592 mederi
931 2529 1024 2593 editis
1055 2530 1268 2614 anthologiis,
1302 2532 1417 2614 quibus

275 2628 503 2693 exhiberentur
528 2629 676 2710 decerpta
698 2652 736 2693 ex
759 2630 892 2694 diversis
914 2632 1123 2714 scriptoribus
1152 2653 1203 2714 ea,
1233 2654 1313 2715 quae
1341 2654 1416 2715 pue-

274 2751 383 2793 rorum
405 2751 515 2794 recens
538 2731 733 2796 imbuturum
761 2732 855 2796 latini
885 2737 918 2796 et
939 2734 1045 2817 graeci
1072 2735 1227 2797 sermonis
1250 2733 1415 2797 elementis

274 2831 428 2894 inservire
454 2837 587 2915 possent
619 2833 743 2916 11611166,
771 2833 849 2898 16116
875 2833 1024 2898 lectionis
1054 2835 1195 2898 subsidia
1223 2857 1416 2918 quamquam

276 2932 407 2996 minime
437 2932 517 2997 duco
547 2933 740 3018 spernenda,
770 2939 878 2999 tamen
907 2957 1001 3018 quam
1029 2935 1192 3000 celerrime
1220 2939 1327 3018 potest
1348 2938 1417 2999 fieri

275 3033 464 3097 continuum
500 3034 631 3118 aliquod
666 3037 783 3100 veteris
821 3037 985 3120 scriptoris
1023 3060 1102 3120 opus
1135 3035 1338 3102 tractandum
1370 3039 1415 3102 eis

276 3135 433 3200 existimo.
488 3135 592 3201 Multo
638 3139 755 3221 quippe
792 3138 873 3202 mihi
909 3139 1034 3202 videtur
1069 3142 1230 3222 praestare
1268 3145 1416 3204 accurata

276 3237 420 3320 cognitio
449 3238 544 3301 unius
572 3228 714 3303 auctoris*
738 3240 773 3304 in
801 3245 887 3304 certo
916 3242 1054 3325 quodam
1083 3245 1115 3305 et
1137 3264 1201 3307 uno
1225 3246 1414 3326 argumento

275 3337 441 3402 versantis
466 3344 498 3403 et
531 3340 680 3403 dictionis
714 3363 750 3404 ac
782 3343 823 3424 (si
850 3347 946 3425 potita
973 3343 1029 3426 sit)
1062 3343 1156 3407 metri
1190 3344 1415 3425 aequabilitate

275 3440 439 3523 conspicui
468 3462 564 3524 quam
593 3441 745 3505 festinata
772 3443 828 3506 illa
857 3442 1142 3507 diversissimarum
1171 3465 1275 3507 rerum
1299 3467 1415 3509 sermo·

274 3561 416 3622 numque
439 3563 533 3625 saepe
555 3543 692 3606 multum
715 3543 902 3608 distantium
924 3545 1098 3627 perceptis,
1124 3567 1204 3628 quac
1227 3545 1415 3629 plerumque

275 3662 410 3705 avocare
438 3642 521 3707 solet
548 3644 657 3708 statim
686 3645 725 3708 ab
753 3643 846 3709 initio
874 3649 1001 3709 teneros
1031 3647 1214 3710 etiamnunc
1243 3650 1276 3710 et
1302 3648 1415 3712 molles

274 3764 448 3826 puerorum
481 3745 605 3810 animos
639 3769 659 3809 a
692 3746 783 3810 seriis
816 3750 848 3810 et
879 3747 1031 3831 gravibus
1066 3747 1187 3812 studiis
1231 3747 1415 3832 Numquam

276 3845 361 3908 enim
385 3850 514 3928 oportet
536 3847 679 3912 oblivisci
702 3848 872 3931 magistros
892 3850 1048 3931 praeclari
1069 3850 1156 3912 illius
1172 3849 1247 3914 dicti
1263 3849 1415 3932 Plinium,

276 3967 339 4028 quo
362 3948 499 4011 multum
522 3951 630 4032 potius
654 3971 749 4032 quam
771 3949 873 4012 multa
894 3950 1040 4013 iubemur
1062 3951 1177 4034 legere.

359 4047 446 4122 Quae
469 4070 542 4113 cum
564 4051 610 4113 116
633 4051 713 4131 6111,
742 4051 819 4114 66116
842 4054 917 4133 apto
941 4073 977 4114 ac
999 4051 1150 4134 prudenti
1172 4053 1221 4116 usi
1245 4074 1313 4116 esse
1336 4053 1416 4116 mihi

275 4147 424 4212 videntur
446 4150 574 4234 iudicio,
598 4151 653 4235 qui
674 4151 817 4215 tironum
832 4153 954 4234 primos
968 4152 1003 4215 11
1019 4175 1093 4216 usus
1109 4153 1276 4237 elegerunt
1298 4155 1414 4218 latinos

275 4249 428 4331 quosdam
457 4253 642 4335 scriptores,
671 4253 741 4336 qui,
770 4274 843 4316 cum
868 4253 991 4337 ingenii
1013 4275 1080 4317 101
1102 4253 1148 4318 ita
1170 4276 1288 4339 magna
1310 4259 1416 4318 essent

275 4352 485 4435 amplitudine
515 4357 571 4417 aut
598 4354 782 4438 altitudine,
814 4353 953 4418 dictione
981 4357 1416 4422 1116161111116611111666111
