3298 5110
682 313 889 376 ,ἢρτ-

222 465 426 550 vocabulum,
454 466 660 549 quantumvis
688 465 820 530 diversis
841 467 1132 552 significationibus
1156 490 1248 552 saepe
1271 469 1359 533 adhi-

222 565 334 648 bitum,
358 571 466 630 tamen
488 589 655 651 nunquam
677 567 840 631 invenitur
856 568 976 634 dietum
993 569 1030 632 de
1046 570 1180 634 materia
1194 570 1358 634 litteraria.

223 665 381 753 Tandem,
415 668 519 738 denuo
548 669 747 734 considerato
775 669 836 733 hoo
863 669 934 734 loeo
963 668 1162 755 Phaedriqne
1195 672 1295 755 ipsius
1328 673 1361 734 et

222 769 359 833 aliorum
382 770 574 853 scriptorum
595 771 686 834 libris
707 772 941 857 pervestigatis,
963 772 1108 836 intellexi
1130 773 1360 838 nihilomnino

223 869 256 933 in
284 871 402 935 tradita
429 872 567 937 lectione
595 895 663 938 esse
697 873 900 957 culpandum.
948 873 1012 938 Pro
1041 897 1105 958 qua
1131 876 1271 958 primum
1301 877 1366 938 stat

223 973 405 1056 exemplum
433 995 473 1038 ex
499 975 577 1058 ipsis
600 974 738 1039 Phaedri
764 974 882 1040 fabulis
908 975 1061 1060 petitum,
1084 977 1170 1059 quod
1193 978 1292 1040 miror
1314 975 1366 1039 ad-

224 1073 354 1138 modum
376 1074 498 1160 fugisse
514 1075 707 1162 Bentleium,
730 1079 852 1141 eeteros
875 1077 996 1162 fugisse
1018 1079 1124 1142 minus
1141 1078 1249 1142 miror.
1282 1077 1367 1142 Nam

228 1174 277 1241 IV
298 1176 379 1259 prol.
406 1178 529 1242 10-14
551 1178 703 1264 leguntur
725 1179 817 1244 haee:

464 1313 560 1366 quare,
571 1297 729 1363 Particum,
748 1296 882 1364 quoniam
901 1298 1010 1367 caperis
1029 1298 1132 1352 fabulis

464 1383 544 1448 (quas
562 1381 704 1450 Aesopias,
723 1398 780 1447 nop
798 1381 910 1450 Aesopi,
930 1383 1053 1454 nomino,

464 1464 532 1532 quia
549 1481 653 1533 pauens
671 1465 719 1519 ille
738 1465 869 1531 ostendit,
888 1483 941 1536 ego
959 1453 1054 1537 plures
1072 1466 1140 1529 fero,

463 1567 529 1603 usus
547 1551 659 1604 vetusto
677 1566 789 1620 genere,
809 1549 858 1604 sed
877 1551 960 1606 rebus
978 1551 1078 1618 novis),

464 1635 596 1702 quartum
614 1634 751 1700 libellum,
770 1651 833 1690 eum
853 1630 968 1701 vacarit,
987 1634 1127 1703 perleges.

313 1738 458 1820 Apparet
479 1735 640 1800 simillime
663 1736 725 1801 hoe
747 1735 818 1801 loeo
843 1736 903 1800 diei
924 1759 1022 1820 penus
1043 1758 1102 1820 pro
1121 1758 1231 1819 ponere
1253 1738 1370 1802 litteru-

227 1859 314 1918 rura,
343 1839 426 1918 qnod
451 1839 593 1920 Aesopus
621 1839 757 1916 inuenit·
789 1859 848 1902 neo
883 1839 969 1902 enim
1002 1838 1096 1903 facile
1130 1839 1299 1922 quisquam
1332 1861 1371 1901 ex

227 1939 490 2020 praecedentibus
512 1938 675 2022 supplebit
693 1940 891 2020 fabularum.
930 1940 1037 2023 Atque
1054 1938 1131 2002 adeo
1154 1939 1236 2002 idem
1260 1943 1371 2003 auctor

228 2039 324 2120 paulo
347 2044 421 2104 ante
445 2042 488 2124 (v.
502 2041 535 2126 8)
559 2042 689 2106 eolorern
711 2039 793 2103 dixit
814 2062 872 2124 pro
889 2043 987 2106 eoloro
1001 2041 1166 2105 scribendi.
1200 2039 1371 2104 Praeterea

155 2212 156 2216 η
227 2144 323 2222 poeta
345 2141 486 2223 aequalis
509 2141 654 2205 Phaedro
677 2140 811 2205 Ovidius
833 2142 932 2205 Ibidis
954 2165 1005 2206 vv.
1028 2141 1079 2223 57,
1102 2142 1143 2205 58
1166 2140 1247 2205 dixit
1267 2141 1327 2204 ita:

429 2275 518 2342 utque
535 2275 593 2339 ille,
612 2275 735 2328 historiis
753 2276 895 2329 involvam
914 2276 1039 2329 carmina
1056 2275 1155 2340 caeeis,

430 2375 486 2412 nou
506 2359 612 2413 soleam
630 2360 759 2428 quamvis
776 2360 829 2414 hoo
847 2375 936 2429 genus
954 2359 1014 2429 ipse
1032 2359 1120 2428 sequi.

311 2477 419 2542 Etiam
440 2477 494 2542 hio
516 2481 638 2542 eertum
661 2481 710 2542 est
729 2498 828 2561 penus
854 2478 934 2562 poni
956 2500 1014 2562 pro
1035 2500 1146 2562 ponere
1166 2480 1264 2544 studii
1293 2479 1341 2544 t‘tt
1357 2515 1370 2526 -

206 2580 320 2664 ¹nerii.

313 2679 461 2764 Denique
491 2681 617 2745 saeculo
641 2680 689 2744 IV
717 2681 751 2744 in
779 2680 915 2764 epistula
938 2681 1145 2748 Constantini
1168 2681 1371 2764 imperatoris

231 2781 270 2846 ad
302 2781 519 2866 Porphyrium
552 2784 680 2866 poetam
711 2787 740 2864 ξ.
773 2782 792 2846 8
824 2781 904 2846 haee
937 2783 1105 2867 leguntur:
1139 2783 1215 2848 tiber
1241 2783 1372 2846 adsidue

228 2904 337 2948 retusus
368 2885 546 2949 oratoribus
570 2884 651 2965 fnit·
685 2903 734 2948 eos
755 2904 842 2962 nere,
864 2886 920 2965 qni
941 2885 1081 2949 versibus
1103 2885 1250 2963 dicerent,
1281 2885 1372 2948 certis

227 2984 345 3067 Jtnitns
367 2985 415 3049 tea
436 2987 543 3049 metris
563 2990 684 3050 statuto
707 2987 875 3050 continuit:
908 3007 1006 3067 qnare
1032 3006 1097 3050 non
1123 2987 1268 3050 inmerito
1291 2986 1372 3050 iltnd

228 3105 304 3148 risns
337 3085 468 3162 inuenit,
504 3091 541 3149 nt
566 3087 621 3150 too
651 3107 761 3168 periere
789 3087 921 3150 dicturis
949 3087 1109 3151 Heliconis
1142 3091 1199 3150 ant
1227 3085 1372 3150 Parnasi

227 3205 322 3249 soora
337 3189 526 3268 peterentur,
549 3207 619 3250 enrn
641 3187 785 3252 mortuiis
800 3188 920 3268 inperiti
942 3188 1098 3270 deficiente
1118 3187 1296 3250 substantie
1317 3206 1369 3250 ne-

228 3288 367 3351 cessaria
388 3288 567 3351 riderentur
589 3288 715 3352 attritio
737 3289 867 3366 dioinu;
888 3287 923 3350 in
945 3287 1061 3371 quibus
1084 3287 1179 3350 etiam
1199 3307 1298 3369 perine
1320 3308 1370 3350 eo-

216 3387 309 3471 ·dem,
333 3410 396 3471 quo
419 3388 503 3471 apud
526 3385 707 3452 Phaedrum
730 3391 763 3452 et
785 3387 945 3472 Ovidium,
968 3411 1063 3453 sensu
1087 3393 1134 3452 est
1156 3387 1307 3471 positum.

313 3487 371 3572 ΙΙΙ,
398 3491 424 3572 1,
446 3489 476 3572 2,
499 3490 535 3572 33
558 3488 694 3572 append.
720 3489 768 3567 19,
795 3491 826 3552 1:

431 3623 523 3678 adhue
540 3622 660 3678 Falerna
677 3624 755 3680 faeoe
773 3625 803 3678 et
819 3603 893 3678 testei
910 3625 999 3678 nobili

431 3707 545 3762 odorem
563 3723 635 3774 quae
654 3707 806 3762 iocundum
823 3708 881 3762 late
900 3711 1055 3778 spargeret.

431 3807 535 3858 equum
554 3793 584 3844 et
600 3791 767 3861 quadrigam
785 3791 880 3846 multis
898 3792 999 3862 palmis
1017 3791 1148 3846 nobilem.

313 3910 474 3993 Scripsere
495 3909 643 3974 homines
667 3909 751 3974 docti
776 3935 791 3976 e
812 3916 900 3992 testo,
924 3933 939 3976 e
961 3913 1137 3995 quadrien
1160 3912 1213 3976 sed
1236 3912 1371 3977 debebat

227 4012 307 4094 poni
329 4033 379 4091 eo,·
404 4033 485 4095 quae
507 4011 755 4095 praepositionis
777 4011 896 4096 forma,
919 4014 1107 4096 plerumque
1131 4036 1150 4078 a
1174 4014 1314 4080 librariis
1335 4014 1370 4078 iu

227 4119 255 4178 et
275 4116 436 4197 corrupta,
460 4111 556 4178 etiam
579 4113 776 4177 restituenda
799 4117 847 4178 est
868 4113 926 4197 IV,
951 4115 980 4200 5,
1002 4115 1054 4178 47.

311 4214 369 4298 IV,
391 4215 443 4278 24.

313 4314 364 4380 Ne
386 4336 473 4379 nune
496 4315 624 4399 quidem
645 4316 791 4400 poenitet
813 4318 899 4400 quod
921 4317 1136 4402 Bongarsium
1159 4317 1302 4402 aliosque
1324 4341 1370 4382 se-

235 4421 327 4484 outus
357 4416 468 4482 doctos
495 4437 643 4481 versuum
673 4418 768 4484 huius
796 4417 923 4484 fabulae
949 4419 1047 4484 talem
1069 4419 1195 4486 institui
1217 4419 1370 4505 ordinem,
