3298 5110
754 346 941 407 ..4-

278 495 493 581 disputatione
516 495 554 560 de
576 495 687 560 fabula
708 496 817 559 attulit
839 495 1051 581 Lessingius),
1074 495 1222 580 quodque
1246 493 1418 579 aliquando

277 600 509 683 proprietatem
541 601 784 682 praeceptorum
817 598 1002 680 moralium,
1040 619 1121 681 quae
1158 597 1270 661 insunt
1301 597 1419 661 fabulis

277 701 448 784 AesopeiS,
480 720 593 782 parum
622 698 785 782 perspexit
815 698 867 784 (de
895 719 959 781 quo
989 698 1069 761 dixit
1090 697 1280 783 Raschigius
1303 717 1376 782 pag.
1399 699 1419 760 3

277 823 419 885 prooem.
443 799 490 865 ed.
515 800 566 884 2),
600 802 656 863 aut
685 799 770 883 quod
796 799 925 864 fabulae
954 800 993 863 ab
1021 799 1090 883 ipso
1119 799 1269 863 inventae
1297 799 1420 862 alienae

278 908 353 967 suut
388 923 483 986 saepe
512 925 530 966 a
559 901 737 966 rationibus
769 900 910 984 ipsarum
939 902 1060 984 Aesopi
1093 901 1290 982 fabularum,
1325 921 1419 983 quem

277 1008 404 1069 1111111
431 1025 597 1086 nunquam
626 1002 781 1068 historica
812 1002 957 1085 exempla
987 999 1041 1065 sed
1074 1007 1130 1066 aut
1159 1023 1198 1065 ex
1220 1000 1421 1086 mythologie

278 1106 378 1193 petita
400 1105 454 1188 (cf.
478 1103 573 1168 Babr.
600 1103 669 1187 119,
695 1106 730 1166 11
755 1101 804 1167 ed.
828 1102 1044 1188 Lachmanni)
1074 1106 1130 1167 aut
1156 1102 1420 1166 11111111111111-ι

278 1229 350 1271 rum
373 1210 405 1270 et
425 1207 608 1290 plantarum
630 1205 836 1288 proposuisse
851 1205 885 1268 in
900 1226 993 1268 usum
1016 1225 1120 1268 mores
1142 1204 1301 1268 humanos
1325 1203 1420 1267 corri-

279 1306 375 1392 gendi
413 1307 479 1371 sive
514 1305 701 1392 castigandi.
752 1306 886 1371 Accedit
920 1325 1039 1389 magna
1075 1304 1225 1369 dictionis
1262 1304 1421 1390 elegantia

278 1429 478 1502 magnusque
499 1408 602 1492 nitor,
631 1408 757 1492 qualem
781 1410 927 1490 expectes
950 1428 970 1471 a
991 1410 1135 1491 tempore
1158 1406 1334 1470 cultissimo
1357 1427 1420 1491 quo

280 1510 360 1575 vixit
381 1508 556 1574 Phaedrus.
600 1508 731 1573 Etenim
758 1530 889 1592 prorsus
919 1507 1095 1572 averitate
1123 1509 1286 1572 aberrasse
1315 1507 1421 1571 existi-

278 1633 402 1676 mamus
425 1633 490 1693 eos,
515 1610 570 1693 qui
592 1610 694 1674 multa
714 1631 828 1693 parum
851 1608 1007 1673 concinne
1031 1612 1063 1673 11
1085 1609 1249 1693 eleganter
1266 1608 1320 1696 ,vel
1343 1608 1420 1672 adeo

169 1709 171 1712 ’
278 1734 393 1796 parum
421 1712 520 1776 latine
551 1711 636 1775 dieta
664 1710 748 1794 apud
770 1710 950 1775 Phaedrum
979 1709 1118 1794 reperire
1144 1709 1206 1774 sibi
1228 1709 1420 1773 viderentur.

280 1812 422 1888 Quorum
457 1812 554 1877 etiam
587 1812 621 1875 in
654 1833 788 1876 numero
822 1832 890 1875 esse
919 1810 1136 1875 Godofredum
1166 1809 1420 1893 Bemhardyum,

168 1945 170 1951 v
279 1914 444 1979 hominem
480 1913 660 1977 litterarum
698 1917 730 1976 et
764 1911 952 1977 Latinarum
989 1915 1022 1976 et
1055 1911 1248 1976 Graecarum
1283 1913 1421 1995 peritum

279 2014 459 2096 admodum,
483 2014 561 2078 satis
583 2014 693 2078 mirari
714 2036 782 2078 non
806 2035 947 2096 possum,
970 2035 1163 2097 quamquam
1185 2013 1212 2076 is
1229 2013 1361 2076 omnino
1384 2012 1422 2075 de

279 2115 397 2180 fabulis
419 2114 557 2179 Phaedri
580 2115 732 2180 iudicarit
753 2115 908 2199 iniquius.

365 2219 413 2282 Ac
435 2217 574 2300 primum
601 2216 729 2300 quidem
758 2216 1023 2282 considerandum
1052 2220 1099 2281 est
1128 2216 1251 2281 codices
1274 2215 1422 2298 Phaedri,

280 2320 441 2402 quotquot
477 2321 619 2402 exstant,
657 2318 828 2383 admodum
866 2341 932 2383 esse
970 2323 1152 2402 corruptor,
1188 2339 1422 2401 nonnunquam

282 2420 378 2484 etiam
411 2418 636 2501 interpolatos,
670 2420 745 2503 quia
777 2441 834 2503 per
865 2420 1005 2484 medium
1039 2441 1153 2483 aevum
1186 2420 1253 2482 eius
1282 2420 1423 2484 carmina

280 2521 358 2584 satis
395 2519 567 2604 diligenter
601 2519 792 2604 legebantur
826 2542 845 2584 1
876 2520 1053 2585 monachis.
1095 2520 1208 2603 ltaque
1241 2519 1423 2604 ubicunque

284 2625 432 2686 occurret
453 2620 488 2684 in
503 2620 591 2685 hisce
606 2619 723 2685 fabulis
742 2620 959 2704 soloecismus,
984 2622 1038 2704 qui
1060 2620 1224 2686 lenissima
1246 2623 1423 2686 mutatione

180 2747 187 2750 ·
282 2727 356 2806 apte
384 2723 487 2805 possit
512 2721 602 2805 tolli,
629 2743 725 2786 nemo
748 2723 877 2788 hercule
900 2723 1072 2806 dubitabit,
1102 2723 1180 2806 quin
1203 2723 1316 2786 1111111
1339 2723 1422 2786 111111

281 2846 349 2888 111
371 2824 473 2907 ipsius
495 2823 634 2898 auctoris
662 2825 704 2887 sit
730 2824 785 2888 sed
808 2825 1020 2889 librariorum.
1063 2824 1148 2889 Nam
1171 2824 1256 2887 hanc
1277 2846 1422 2888 normam
1524 2909 1528 2916 Ι

282 2924 444 3000 iudicandi
466 2923 529 2987 nisi
551 2924 730 3008 sequimur,
761 2928 793 2989 et
815 2923 926 2991 Cicero
950 2930 982 2990 et
1004 2924 1113 2989 Livius
1136 2928 1169 2989 et
1189 2925 1423 3008 praestantissi-

282 3048 352 3090 mus
376 3027 511 3109 quisque
533 3026 633 3090 latine
656 3026 783 3090 dicendi
805 3026 921 3091 artifex
943 3027 1144 3110 reperientur
1159 3026 1278 3090 multos
1295 3027 1423 3090 commi-

283 3128 361 3192 sisse
383 3149 503 3210 eosque
523 3128 729 3212 gravissimos
744 3127 949 3193 soloecismos
968 3129 1034 3192 sive
1057 3128 1280 3192 barbarismos.
1303 3126 1422 3206 Veluti,

283 3235 319 3293 ut
346 3230 408 3294 hoc
437 3230 582 3312 exemplo
612 3232 698 3308 utar,
734 3251 804 3293 cum
833 3231 867 3294 in
896 3230 1005 3294 fabula
1030 3231 1044 3293 1
1074 3230 1148 3294 libri
1170 3229 1211 3308 V,
1236 3251 1286 3294 11.
1313 3230 1360 3311 15,
1387 3230 1424 3292 lli

284 3331 415 3414 optimis
438 3328 600 3394 codicibus
622 3330 741 3395 tradita
763 3335 869 3395 111111
889 3331 983 3396 haec:

520 3446 653 3511 Quisnam
671 3447 803 3502 cinaedus
820 3447 869 3501 ille
886 3448 916 3500 in
934 3450 1083 3517 conspectu
1102 3464 1165 3502 mco

519 3531 615 3584 Audet
632 3531 747 3584 venire?

284 3635 415 3699 fuerunt
437 3633 491 3716 qui
513 3633 618 3716 ipsum
640 3632 822 3697 Phaedrum
850 3637 1037 3718 arguerent,
1067 3633 1153 3718 quod
1180 3638 1292 3698 notam
1318 3633 1425 3697 latini·

283 3736 360 3800 tatis
388 3734 490 3818 legem
519 3735 553 3798 in
581 3735 818 3819 praepositione
841 3737 876 3800 111
899 3735 1049 3800 violasset
1080 3734 1177 3817 (sicut
1198 3757 1276 3800 sane
1303 3735 1423 3798 factum

284 3837 409 3920 saepius
432 3859 451 3900 a
472 3836 569 3900 medii
591 3837 661 3900 aevi
689 3836 925 3920 scriptoribus),
955 3858 1148 3920 quamquam
1176 3837 1261 3921 apud
1289 3836 1423 3900 1111111

285 3938 403 4021 legitur
418 3937 457 4020 V,
473 3938 501 4016 8,
516 3937 573 4001 22:
595 3940 630 4002 iu
653 3943 845 4020 conspectam
865 3940 1065 4021 proditarum
1087 3941 1154 4003 siue
1176 3957 1274 4003 mora.
1303 3935 1425 4002 Tauron

286 4041 357 4124 quis
384 4040 526 4103 monitus
554 4038 675 4122 poterit
701 4037 860 4118 dubitare,
891 4040 969 4124 quin
997 4044 1081 4105 recte
1109 4040 1232 4103 feratur
1259 4040 1293 4104 in
1317 4040 1425 4103 codice

284 4140 517 4224 Neapolitano,
543 4140 602 4204 etsi
626 4144 674 4204 est
695 4141 797 4206 multo
819 4141 978 4207 recentior
1000 4141 1147 4226 Gallicis,
1176 4143 1212 4206 11
1234 4145 1426 4222 conspectum

285 4263 405 4322 1111111,
439 4263 511 4305 cum
545 4242 732 4324 praesertim
760 4246 927 4326 appareat,
962 4263 1059 4326 quam
1086 4241 1179 4306 facile
1207 4243 1241 4306 in
1270 4239 1424 4306 vocabulo

285 4348 478 4425 conspectum
508 4344 678 4407 omissam
700 4344 803 4426 finali,
839 4345 915 4426 quia
947 4345 1056 4407 eadem
1087 4345 1279 4426 sequebatur
1306 4341 1423 4424 littera,

286 4445 428 4528 potuerit
451 4444 628 4538 oririnillud
652 4445 687 4508 11
710 4451 869 4527 conspectu
892 4466 967 4510 areo.
1002 4443 1156 4510 Similiter
1177 4444 1201 4526 l,
1225 4443 1253 4527 9,
1277 4443 1296 4506 8
1319 4443 1424 4526 verba,
