3298 5110
754 335 791 344 -
836 287 878 360 'ld
921 333 963 344 -

284 445 389 509 arrolas
411 465 523 528 corpus
544 447 637 528 piarat.
684 444 771 520 Quae
794 448 853 512 etsi
876 448 909 512 in
933 453 1073 514 mentem
1097 454 1250 516 revocant
1271 474 1317 531 ea,
1345 474 1426 536 quae

284 545 321 610 de
344 569 378 611 se
400 550 537 612 testatur
559 545 723 612 Phaedrus
746 549 767 613 l.
790 548 847 633 IV,
870 551 952 633 prol.
978 551 1053 616 10-
1066 553 1117 616 13:

819 677 952 752 quoniam
971 686 1080 755 caperis
1097 687 1210 755 fabulis,

502 767 576 833 Quas
594 767 740 836 Aesopias,
758 785 814 822 non
832 767 937 838 Aesopi
954 770 1078 838 nomino,

502 851 574 916 Quia
591 867 695 921 paucas
712 852 761 906 ille
782 853 918 919 ostendit,
938 863 990 923 ego
1008 853 1105 924 plures
1122 855 1191 922 lero,

500 935 573 990 Vsus
592 937 704 990 vetusto
723 952 827 1005 genere
846 937 896 990 sed
914 937 998 992 rebus
1015 938 1109 994 novis:

283 1055 376 1122 docet
397 1059 507 1120 tamen
529 1063 579 1118 res
607 1055 677 1138 ipsa
704 1076 771 1119 non
794 1077 833 1120 ex
855 1055 962 1120 servili
985 1056 1122 1122 Phaedri
1145 1057 1339 1142 imitatione,
1369 1060 1424 1124 scd

281 1180 339 1241 pro
370 1179 445 1222 vero
480 1178 587 1220 rerum
621 1160 706 1220 statu
738 1156 971 1241 paraphrasten
999 1158 1056 1222 illa
1084 1159 1122 1223 de
1149 1182 1183 1223 se
1215 1160 1422 1243 praedicasse.

283 1260 314 1324 N
317 1281 352 1323 ee
367 1280 443 1323 vero
459 1257 492 1321 id
507 1257 707 1342 significatur
730 1258 816 1322 hisce
838 1258 953 1342 verbis,
976 1259 1120 1342 proferre
1142 1260 1306 1326 hominem
1329 1264 1424 1326 istum

281 1361 406 1425 fabulas
435 1359 565 1443 proprio
595 1360 727 1445 ingenio
750 1361 907 1424 inventas.
951 1359 1057 1425 Nimis
1085 1361 1203 1444 qnippe
1232 1363 1348 1427 stultus
1375 1367 1424 1428 est

282 1463 481 1544 compilator.
515 1459 577 1525 sed
599 1461 637 1524 de
659 1461 804 1526 fontibus
819 1461 939 1544 Aesopi
955 1461 1064 1525 Latini
1087 1466 1258 1546 antequam
1281 1485 1422 1548 agamus,

281 1586 361 1648 quae
393 1564 536 1639 rationes
566 1563 765 1626 intercedant
797 1563 881 1626 inter
908 1568 1072 1627 auctorem
1101 1563 1239 1648 syllegae
1267 1564 1419 1629 Wissem-
1461 1599 1466 1607 ·

280 1665 448 1750 burgensis
475 1662 713 1746 Romulumque
741 1667 773 1728 et
801 1686 997 1748 anonymum
1026 1663 1249 1729 Nilantianum
1285 1666 1423 1730 breviter

280 1766 504 1850 exponendum
534 1768 591 1829 est.
636 1765 749 1849 ltaque
782 1767 827 1829 sic
859 1753 992 1830 habeto:
1025 1766 1089 1829 fuit
1116 1787 1230 1849 eorpus
1263 1767 1421 1850 quoddam

281 1869 463 1933 fabularum
479 1866 601 1950 Aesopi
616 1889 655 1930 ex
670 1867 887 1950 compluribus
910 1866 1094 1930 auctoribus
1116 1867 1225 1931 latinis
1248 1869 1421 1932 conflatum

279 1970 413 2053 antiquo
441 1967 612 2033 admodum
645 1968 741 2031 medii
771 1969 841 2032 aevi
874 1968 1016 2047 saeculo,
1050 1969 1239 2051 inscriptum
1273 1968 1353 2032 illud
1386 1972 1422 2031 nt

279 2071 454 2135 memoravi
470 2070 591 2153 Aesopi
613 2069 745 2134 nomine
768 2071 940 2154 datumque
964 2069 1003 2133 ad
1025 2068 1146 2133 Rufum
1169 2070 1336 2153 quendam.
1371 2068 1420 2133 Ex

107 2177 109 2185 '
217 2199 221 2208 ⁴
278 2173 341 2238 hoc
357 2194 462 2256 opere,
479 2170 564 2255 quod
579 2171 685 2254 periit,
708 2194 866 2256 nusquam
881 2171 945 2235 iarn
960 2171 1104 2254 inspecto
1120 2170 1258 2236 Phaedri
1274 2169 1419 2253 exemplo

181 2341 185 2348 ,
278 2297 335 2339 sua
356 2277 481 2338 traxere
503 2273 624 2356 pariter
645 2295 824 2357 anonymus
840 2272 1150 2357 Wissemburgensis
1166 2276 1198 2336 et
1214 2271 1419 2336 Nilantianus

278 2399 315 2440 ac
331 2375 496 2439 Romulus.
533 2373 659 2438 Horum
675 2375 762 2438 enim
777 2374 917 2458 syllegae
940 2397 978 2438 ex
1001 2396 1066 2438 uno
1089 2374 1179 2438 fonte
1202 2373 1329 2438 fluxisse
1352 2395 1418 2437 non

279 2479 373 2542 modo
408 2475 589 2540 fabularum
620 2476 762 2558 ipsarum
795 2475 915 2539 maiore
948 2479 1040 2558 parte
1068 2496 1104 2538 ac
1132 2474 1271 2539 dictione
1300 2495 1418 2557 earum,

277 2578 332 2642 sed
360 2579 431 2661 ipso
460 2576 689 2660 comprobatur
716 2576 827 2641 ordine
859 2576 945 2639 haud
976 2576 1086 2659 paucis
1115 2575 1193 2640 locis
1221 2574 1316 2658 plane
1345 2597 1419 2639 con-

277 2683 421 2764 gruente,
445 2681 482 2741 ut
504 2700 542 2742 ex
564 2678 674 2743 tabula
696 2700 792 2761 quam
813 2678 984 2762 proposuit
1005 2676 1143 2741 Rothius
1164 2697 1218 2761 pg.
1240 2677 1303 2741 545
1324 2676 1418 2740 facile

277 2785 417 2864 apparet.
462 2779 571 2843 Prima
600 2785 706 2844 autem
735 2780 832 2844 series
857 2778 1000 2862 corporis
1022 2777 1108 2842 illins
1131 2782 1227 2861 atque
1250 2778 1327 2841 adeo
1349 2781 1418 2842 tota

277 2884 380 2946 forma
401 2880 526 2944 fidelius
549 2903 645 2964 quam
667 2880 744 2945 alibi
767 2885 893 2944 servata
915 2884 962 2944 est
977 2879 1099 2964 sylloge
1115 2879 1417 2964 Wissemburgensi,

276 2987 408 3067 excepto
443 2982 533 3066 quod,
558 2982 716 3066 quaedam
749 3004 786 3046 ex
821 2982 915 3046 initio
949 2981 1024 3046 libri
1053 2982 1087 3045 in
1120 2982 1217 3045 finem
1249 3002 1416 3066 perperam

275 3085 430 3150 translata
452 3106 548 3168 supra
569 3085 754 3149 memoravi.

359 3189 405 3251 At
418 3208 598 3270 anonymus
612 3185 821 3251 Nilantianus
837 3185 963 3251 omissis
983 3185 1182 3269 praefatione
1202 3207 1239 3248 ac
1261 3184 1415 3248 librorum

275 3289 482 3354 distinctione
505 3291 537 3350 et
565 3288 693 3372 epilogo
716 3288 772 3368 (cf.
796 3287 893 3352 Roth.
916 3308 969 3373 pg.
993 3287 1071 3369 524,
1094 3286 1151 3372 25)
1177 3285 1302 3349 fabulas
1332 3285 1416 3348 solas

276 3390 405 3455 reddere
434 3389 510 3454 satis
542 3389 672 3473 habuit,
705 3390 760 3453 sed
792 3390 889 3455 verba
915 3389 986 3471 ipsa
1018 3388 1118 3451 fontis
1146 3408 1184 3450 ex
1211 3390 1301 3469 parte
1331 3389 1415 3449 certe

274 3493 395 3557 maiore
417 3514 490 3555 cum
512 3491 573 3555 fide
596 3512 692 3574 quam
707 3512 885 3575 anonymus
901 3486 1210 3572 Wissemburgensis
1232 3507 1415 3570 repraesen-

274 3594 365 3657 tavit.
397 3592 485 3656 Idem
507 3595 543 3656 ut
566 3593 675 3656 omisit
689 3592 832 3675 corporis
847 3590 1061 3674 antiquissimi
1084 3588 1209 3653 fabulas
1232 3587 1317 3651 haud
1338 3609 1415 3672 pau-

274 3715 336 3773 cas,
359 3693 405 3757 ita
420 3693 551 3777 addidit,
575 3715 654 3777 quae
671 3694 754 3777 apud
769 3692 943 3757 Romulum
957 3713 1024 3755 non
1047 3690 1265 3757 inveniuntur.
1293 3689 1415 3754 Contra

275 3795 421 3878 pudendo
444 3795 530 3862 furto
553 3794 709 3859 Romulus
737 3795 865 3879 quidam
895 3793 1041 3878 syllogen
1063 3815 1144 3876 quae
1167 3793 1332 3875 hueusque
1355 3791 1413 3854 suh

274 3897 395 3979 Aesopi
422 3896 552 3960 nomine
580 3897 716 3960 ferretur
743 3896 804 3961 sihi
832 3895 995 3981 arrogavit
1020 3895 1189 3977 hactenus,
1219 3897 1255 3957 ut
1277 3893 1413 3977 fingeret

274 3998 393 4081 Aesopi
425 3997 541 4061 librum
573 3998 660 4063 hunc
692 4020 711 4062 a
738 4020 770 4062 se
797 4020 836 4062 ex
865 3997 986 4062 Graeco
1020 4017 1166 4060 sermone
1199 3995 1232 4058 in
1261 3993 1411 4058 Latinum

273 4099 474 4163 translatum.
521 4098 623 4164 Simul
645 4103 808 4183 arreptum
830 4095 1001 4183 prologum
1025 4101 1195 4181 utrumque
1218 4100 1250 4160 et
1271 4095 1324 4159 hie
1346 4095 1411 4158 illic

274 4205 431 4265 mutatum
452 4201 609 4284 prooemii
633 4202 703 4266 loeo
726 4201 843 4285 posuit,
867 4200 952 4284 quod
974 4199 1137 4283 inscripsit
1158 4197 1309 4262 Tiberino
1332 4196 1410 4261 filio.

276 4301 377 4366 liuius
400 4324 518 4367 nomen
541 4303 740 4367 amonaclris
763 4301 858 4366 medii
881 4303 950 4367 aevi
973 4322 1214 4383 nonnumquam
1238 4303 1286 4362 est
1308 4297 1410 4361 detor·

272 4409 340 4466 tum
369 4405 402 4468 in
431 4404 565 4486 Tiberii,
597 4405 679 4468 sieut
706 4403 861 4467 Ilonmlus
889 4403 1049 4466 interdum
1077 4403 1117 4464 ah
1144 4402 1242 4464 isdem
1272 4398 1410 4462 creditne
