3298 5110
751 297 962 360 ,14-

366 449 458 526 Quod
487 449 552 513 dixi
578 450 612 513 in
640 449 840 533 praefatione
874 449 1025 514 editionis
1052 472 1140 513 meae
1168 470 1222 534 pg.
1247 449 1294 514 Vl
1322 449 1423 514 videri

282 553 448 617 Perottum
464 574 557 616 usum
572 551 760 636 apographo
775 551 924 616 mutilato
940 553 1058 616 codicis
1081 552 1246 634 archetypi
1267 551 1422 616 librorum

281 653 449 717 Remensis
472 676 509 717 ac
532 653 713 736 Pithoeani,
735 656 805 716 tum
828 653 986 730 coniectu,
1010 674 1082 715 cum
1105 655 1188 716 esset
1210 652 1336 737 integer
1357 654 1422 736 ille,

282 756 378 819 etiam
400 776 487 819 nunc
508 754 675 838 probabile
698 775 765 818 esse
788 754 951 836 existim0,
982 757 1114 836 excepto
1143 753 1229 836 quod
1256 753 1320 818 iam
1342 754 1423 818 mihi

281 860 329 920 est
351 878 538 940 persuasum
560 855 659 920 libros
676 855 818 920 Gallicos
839 877 907 919 non
930 876 967 918 ex
991 875 1028 917 eo
1051 855 1132 937 ipso,
1155 854 1239 918 unde
1262 854 1423 920 Perottini

281 958 481 1041 archetypus
505 956 681 1040 descriptos
698 957 815 1041 codice,
839 957 894 1020 sed
909 979 947 1021 ex
963 956 1154 1040 anthologia
1175 956 1249 1020 inde
1264 955 1422 1039 decerpta.

281 1058 417 1122 Perinde
441 1058 526 1121 enim
549 1063 582 1122 et
603 1058 637 1121 in
660 1057 828 1122 Perottino
852 1057 960 1121 codice
983 1061 1016 1121 et
1037 1057 1072 1120 in
1090 1056 1221 1121 Gallicis
1244 1078 1337 1140 saepe
1360 1079 1423 1121 me-

281 1164 367 1224 trum
389 1159 571 1223 fabularum
590 1163 639 1223 est
654 1181 799 1223 eversum
821 1145 944 1224 mutato
967 1171 1086 1224 temere
1109 1159 1221 1223 ordine
1243 1159 1422 1224 verborum.

280 1261 388 1324 Etiam
416 1260 478 1325 hoo
505 1261 698 1345 notandum,
727 1261 812 1344 quod
840 1262 874 1325 in
902 1261 1106 1325 hemistichio
1133 1261 1213 1341 forte
1240 1262 1422 1338 occucurrit,

282 1363 367 1446 quod
391 1383 559 1427 commune
583 1366 631 1426 est
653 1362 780 1426 fabulae
805 1364 822 1426 7
845 1363 920 1426 libri
934 1361 984 1426 ΙΙΙ
1006 1366 1038 1426 et
1060 1364 1098 1426 31
1123 1359 1317 1445 appendicis,
1340 1361 1422 1444 pari-

280 1467 330 1526 ter
346 1462 460 1526 Gallici
483 1462 558 1525 libri
580 1469 613 1526 et
626 1462 860 1546 Neapolitanus
882 1463 1003 1527 habent
1018 1466 1153 1528 occurrit
1166 1484 1224 1546 pro
1242 1465 1422 1544 occaecurra'l,

281 1567 318 1627 ut
340 1564 436 1627 etiam
458 1563 493 1626 in
509 1562 669 1628 Vaticano
685 1564 809 1628 Perotti
825 1565 934 1628 codiee
949 1566 1082 1628 eandem
1105 1565 1277 1628 lectionem
1300 1573 1423 1628 exstare

280 1687 467 1749 persuasum
493 1663 643 1749 habeam,
672 1687 744 1729 eum
770 1667 958 1749 praesertim
981 1669 1107 1731 constet
1128 1665 1250 1728 Maium
1272 1687 1366 1749 saepe
1387 1666 1422 1728 in

280 1765 456 1830 referendis
492 1765 684 1830 lectionibus
721 1767 866 1831 codicum
902 1767 942 1831 ab
983 1768 1053 1851 ipso
1091 1766 1308 1834 adhibitorum
1345 1767 1422 1830 satis

281 1889 400 1952 niagno
421 1889 514 1930 usum
537 1867 676 1932 levitate.
901 1877 906 1884 '

363 1967 432 2031 Iam
455 1968 625 2033 dicendum
649 1969 686 2033 de
709 1969 908 2052 pedestribus
930 1967 1069 2032 Phaedri
1091 1968 1272 2033 fabularum
1296 1989 1421 2032 enarra-

278 2070 431 2154 tionibuS,
455 2070 578 2159 quibus,
592 2070 694 2134 multo
717 2071 819 2155 magis
842 2092 939 2153 quam
960 2070 1038 2154 ipsis
1057 2069 1124 2133 eius
1139 2069 1267 2152 scriptis
1283 2070 1331 2132 usi
1347 2075 1423 2133 sunt

279 2170 376 2236 medii
406 2172 477 2235 aevi
505 2171 653 2236 homines
684 2171 778 2237 docti.
823 2171 872 2236 De
895 2172 946 2235 his
969 2193 1041 2235 cum
1062 2170 1207 2235 nondum
1230 2193 1422 2254 quemquam

279 2273 356 2338 satis
379 2276 464 2337 recte
486 2274 642 2337 iudicasse
665 2275 860 2357 existimem,
889 2273 969 2337 mibi
995 2272 1123 2356 quidem
1145 2274 1191 2336 ita
1213 2273 1339 2336 videtur
1360 2277 1421 2337 sta-

278 2374 442 2438 tuendum.
486 2375 599 2458 Itaque
628 2375 852 2460 antiquissima
880 2383 913 2438 et
941 2396 1022 2458 quae
1050 2374 1195 2457 proxime
1224 2375 1355 2439 accedat
1382 2375 1421 2438 ad

280 2476 461 2560 exemplum
483 2476 621 2540 Phaedri
648 2500 685 2541 ea
712 2476 894 2541 fabularum
922 2479 970 2539 est
999 2475 1137 2560 sylloge,
1172 2497 1253 2558 quae
1280 2475 1421 2558 quinque

278 2579 368 2642 libris
392 2580 543 2643 constans
565 2577 605 2641 ad
627 2578 809 2661 exemplum
830 2577 969 2641 Phaedri
996 2599 1064 2641 non
1091 2581 1161 2640 tota
1189 2576 1332 2661 quidem,
1367 2578 1421 2641 sed

279 2702 318 2743 ex
350 2700 468 2764 magna
499 2687 590 2762 parte
623 2679 743 2744 tradita
776 2683 824 2743 est
855 2679 963 2745 codiee
993 2677 1301 2760 Wissemburgensi,
1335 2700 1421 2743 nuno

280 2779 539 2864 Guelferbitano,
578 2782 633 2864 qui
668 2781 788 2845 saeculi
815 2781 845 2844 X
876 2781 969 2845 initio
1003 2783 1051 2844 est
1085 2780 1293 2862 conscriptus.
1341 2779 1421 2844 llius

279 2886 401 2966 auctor,
425 2883 500 2966 quia
521 2887 648 2965 praeter
662 2882 843 2946 Phaedrum
866 2883 963 2946 etiam
985 2881 1056 2945 aliis
1078 2881 1223 2945 fontibus
1246 2884 1314 2944 erat
1335 2903 1420 2965 usus,

280 2984 401 3067 Aesopi
438 2985 569 3048 nomine
606 2987 710 3048 totum
746 2984 928 3047 fabularum
960 3004 1075 3066 corpus
1107 2983 1270 3066 inscripsit
1303 2984 1420 3048 omisso

279 3085 410 3150 nomine
443 3086 584 3169 proprio.
636 3086 685 3150 Ob
719 3084 751 3148 id
783 3086 889 3168 ipsum
922 3083 995 3170 (neo
1024 3084 1109 3148 enim
1142 3083 1253 3148 fraude
1281 3084 1313 3147 id
1341 3089 1420 3168 puto

279 3187 415 3271 factum)
452 3187 604 3252 historias
637 3210 655 3251 a
683 3187 829 3251 Phaedro
862 3186 996 3270 relatas,
1034 3209 1115 3270 quae
1152 3191 1260 3269 aperte
1298 3185 1420 3250 alienae

280 3293 387 3354 essent
414 3289 454 3352 ab
481 3290 627 3372 Aesopo,
656 3289 766 3352 omisit
794 3310 919 3373 omnes3
949 3292 1004 3352 aut
1030 3288 1058 3352 si
1080 3288 1221 3371 admisit,
1250 3288 1420 3352 subtractis

279 3391 472 3454 nominibus.
516 3389 553 3452 Id
576 3390 713 3453 maxime
736 3394 870 3472 apparet
892 3413 930 3454 ex
952 3390 1135 3453 narratione
1164 3389 1202 3452 de
1230 3389 1323 3452 leone
1350 3410 1420 3474 gra-

279 3495 341 3558 tias
363 3493 521 3557 referente
544 3491 669 3556 homini
693 3491 771 3574 (Ill,
797 3493 843 3579 l),
873 3513 936 3575 qua
964 3492 1132 3574 respicitur
1159 3489 1295 3554 historia
1321 3491 1420 3554 notis·

280 3597 361 3660 sima
382 3594 420 3658 de
439 3593 602 3658 Androclo
626 3592 682 3678 (of.
700 3590 810 3658 Sanco.
829 3593 867 3656 de
890 3593 996 3657 benef.
1012 3593 1053 3676 ll,
1073 3594 1126 3675 193
1151 3592 1232 3657 Gell.
1249 3596 1333 3657 noct.
1350 3593 1419 3656 Att.

283 3696 321 3779 V,
341 3697 402 3781 14),
425 3718 521 3779 quam
544 3694 692 3779 Caligula
714 3695 891 3777 imperante
914 3694 1057 3759 evenisse
1080 3695 1206 3758 seimus.
1243 3694 1287 3758 Et
1307 3698 1420 3758 notum

280 3802 329 3862 est
350 3797 531 3862 Phaedrum
553 3797 747 3878 aliquotiens
767 3818 824 3860 suo
847 3799 991 3879 tempore
1015 3805 1085 3860 acta
1106 3797 1234 3861 referre.
1264 3834 1298 3843 —
1326 3797 1420 3863 Prae-

279 3904 367 3964 terea
389 3899 545 3980 earmina,
569 3899 685 3981 quibus
708 3895 747 3960 de
768 3919 801 3961 se
822 3899 1024 3981 potissimum
1046 3899 1189 3982 loquitur
1211 3899 1308 3962 homo
1332 3921 1420 3962 sane-

281 4023 377 4084 quam
399 4022 510 4064 amans
532 4000 598 4082 sui,
627 4003 684 4063 aut
705 3999 822 4063 omissa
844 4004 960 4064 sunta
981 4000 1202 4084 paraphraste,
1234 4000 1289 4083 qui
1311 4005 1420 4064 tamen

280 4101 445 4167 nonnullis
468 4123 593 4180 eorum,
617 4122 698 4184 quae
720 4101 852 4164 suntin
875 4103 1047 4184 prooemiis
1069 4102 1144 4165 libri
1158 4102 1174 4165 Ι
1190 4108 1222 4166 et
1236 4101 1293 4181 Ill,
1319 4103 1420 4166 utitur

280 4205 314 4267 in
336 4204 472 4288 prologo
495 4207 528 4266 et
550 4203 590 4286 V,
613 4203 650 4285 6,
678 4207 734 4267 aut
755 4202 936 4286 immutata,
961 4203 1057 4267 semel
1081 4225 1153 4267 oum
1175 4224 1293 4288 magna
1315 4225 1420 4268 socor-

281 4303 341 4368 dia.
386 4304 472 4370 Nam
494 4327 533 4368 ex
555 4304 693 4369 Phaedri
714 4303 772 4385 ΙΙΙ,
797 4304 845 4388 12,
869 4306 904 4370 8:
927 4307 1068 4371 bacillis
1090 4327 1188 4370 uarro
1211 4307 1266 4386 puri
1287 4326 1335 4369 rue
1355 4326 1419 4368 aare

281 4407 479 4490 intellegunt,
502 4407 578 4480 fecit
599 4405 839 4490 paraphrastes:
867 4408 942 4473 liuce
963 4409 1028 4474 illis
1050 4408 1190 4490 Aesopus
1211 4411 1341 4489 riurrut,
1364 4409 1419 4487 qiu
