3298 5110
727 263 934 325 „10„m

346 415 463 478 Aviani
486 415 611 478 fabulas
634 437 671 478 ex
694 415 804 478 eodem
828 415 947 498 codiee,
971 415 1055 478 unde
1078 415 1229 498 Phaedri,
1259 419 1401 498 sumptas

262 539 330 580 esse
353 539 371 582 a
393 515 526 581 Perotto
549 539 617 580 non
638 520 746 602 potest
768 516 988 582 demonstrari.
1022 517 1065 582 Et
1087 517 1188 582 multa
1209 521 1278 584 tum
1301 521 1401 581 exsta-

262 619 341 683 bant
362 618 448 682 illius
471 619 673 701 exemplaria.

347 718 497 784 Ceterum
511 720 661 804 codicem,
685 742 748 804 quo
764 720 914 786 Perottus
934 744 1009 786 usus
1032 725 1088 804 est,
1112 720 1282 784 admodum
1304 721 1401 785 fuisse

261 821 410 886 mutilum
440 821 563 904 pridem
590 820 775 886 intellexere
804 823 899 886 docti.
944 821 1029 886 Nam
1059 823 1187 886 defuere
1217 822 1246 886 ei
1278 826 1403 905 praeter

262 924 325 986 alia
347 922 490 988 earmina
511 924 670 988 nonnulla
691 928 778 988 totus
807 924 888 988 liber
909 924 939 1003 I,
963 923 1037 987 libri
1058 923 1090 987 Il
1118 923 1181 987 fab.
1208 925 1315 1006 1-53
1344 923 1401 1006 IV,

263 1025 383 1108 1-193
406 1025 447 1108 V,
464 1025 521 1088 6-
532 1027 567 1088 11
584 1025 646 1109 (ed.
661 1024 771 1108 Orell.)
782 1026 817 1112 ¹).
855 1025 1042 1090 Notandum
1063 1028 1228 1109 praeterea
1242 1025 1277 1088 in
1293 1027 1404 1089 charta

264 1127 320 1190 illa
337 1127 445 1190 omnia
468 1149 505 1190 ea
527 1126 628 1190 videri
652 1127 798 1206 defuisse,
823 1149 904 1210 quae
920 1126 959 1190 ad
981 1127 1080 1192 vitam
1097 1130 1128 1190 et
1142 1129 1279 1190 aetatem
1302 1126 1402 1210 ipsius

262 1226 398 1292 Phaedri
420 1228 644 1292 illustrandam
665 1229 879 1313 pertinerent,
907 1251 1012 1312 neque
1041 1227 1214 1312 quidquam
1243 1231 1403 1292 servatum

262 1351 300 1392 ex
333 1329 477 1414 prologis
510 1334 542 1394 et
574 1331 727 1415 epilogis,
761 1331 824 1394 nisi
857 1353 938 1414 quae
971 1330 1011 1394 ad
1045 1329 1188 1414 quemvis
1221 1329 1403 1394 fabularum

264 1431 451 1514 scriptorem
483 1435 615 1514 possent
650 1432 744 1496 trahi.
795 1431 892 1496 (luins
924 1433 971 1496 rei
1003 1433 1090 1496 aliud
1123 1431 1277 1496 indicium
1308 1453 1403 1514 quam
1465 1473 1469 1486 ·

263 1532 400 1596 maxime
422 1533 566 1597 notabile
588 1535 651 1597 hoc
674 1537 737 1613 est,
766 1535 852 1617 quod
874 1535 908 1598 in
929 1535 1114 1598 narratione
1137 1535 1197 1613 rei,
1228 1555 1324 1616 quarn
1346 1555 1404 1596 sua

263 1637 366 1698 aetate
395 1638 498 1698 aetam
526 1635 640 1698 asserit
661 1635 824 1700 Phaedrus
846 1636 905 1719 Ill,
931 1637 979 1719 10,
1003 1658 1032 1700 v.
1056 1635 1097 1699 39
1126 1657 1147 1700 a
1169 1637 1239 1700 diuo
1261 1635 1403 1718 Aepusto

263 1741 336 1822 terrac
346 1737 463 1818 petiere
477 1737 594 1802 ier-dices
609 1737 654 1800 ita
673 1737 791 1822 legitur
812 1737 1016 1802 immutatus:
1033 1739 1214 1820 pontificem
1229 1739 1404 1802 hienimum
1434 1745 1435 1756 ¹

262 1843 416 1920 reparant
445 1840 571 1902 iudices
616 1837 709 1902 Hane
738 1840 824 1902 enim
850 1839 1133 1922 interpolationem
1156 1839 1321 1923 indignam
1344 1838 1403 1902 Pe-

263 1942 349 2003 rotto
380 1943 412 2002 et
440 1961 478 2002 ex
506 1941 680 2024 archetypo
710 1941 777 2005 eius
805 1941 923 2006 codicis
954 1941 1081 2004 ductam
1113 1941 1208 2024 plane
1242 1939 1404 2003 adsentior

263 2039 384 2104 Rothio
409 2041 475 2125 (pg.
499 2041 571 2125 534,
594 2065 625 2106 n.
652 2045 718 2125 11).
758 2041 883 2108 Similia
904 2065 979 2106 mox
1001 2043 1035 2106 in
1058 2041 1244 2126 paraphrasi
1266 2041 1404 2105 Phaedri

262 2141 442 2206 fabularum
472 2144 720 2208 observabimus
772 2143 912 2230 Prologo
948 2149 1054 2208 autem
1082 2143 1206 2208 Perotti
1238 2145 1273 2206 in
1304 2143 1404 2226 ipsius

265 2267 339 2308 usus
362 2265 517 2310 conversa
538 2246 746 2311 continentur
768 2247 922 2331 quaedam
946 2269 984 2310 ex
1006 2245 1178 2330 prooemiis
1194 2245 1214 2308 l.
1230 2244 1288 2328 ΙΙΙ,
1303 2242 1405 2326 IV,V

262 2345 416 2428 Phaedri,
449 2350 486 2411 ut
517 2347 552 2411 in
581 2349 716 2432 prologo
749 2348 978 2432 paraphrastae
1011 2369 1049 2411 ex
1081 2348 1163 2410 libro
1186 2345 1235 2410 ΙΙΙ
1264 2345 1405 2410 eiusdem

264 2447 365 2531 petita
387 2452 420 2512 et
448 2471 485 2512 ex
516 2469 633 2532 magna
661 2454 751 2532 parte
780 2449 889 2513 eadem
912 2452 1094 2513 occurrunt.
1137 2447 1250 2530 Neque
1272 2447 1334 2511 hoc
1356 2447 1404 2510 in-

264 2549 398 2632 dignum
425 2550 592 2633 memoria,
620 2551 722 2614 videri
750 2555 781 2615 et
802 2550 970 2614 Perottum
1000 2554 1032 2614 et
1057 2548 1289 2632 paraphrasten
1312 2570 1405 2611 usum

263 2650 371 2715 codice
398 2651 535 2715 Phaedri
567 2651 640 2735 tali,
674 2653 708 2716 in
742 2673 805 2735 quo
839 2652 958 2736 epilogi
992 2652 1066 2715 libri
1094 2650 1126 2714 ll
1152 2651 1248 2733 primi
1278 2653 1405 2713 tantum

264 2755 418 2836 quattuor
445 2774 554 2816 versus
583 2758 698 2817 essent.
743 2753 856 2837 Itaque
884 2753 1108 2836 paraphrastes
1142 2757 1178 2816 ut
1211 2773 1308 2834 supra
1340 2750 1406 2814 dixi

263 2853 390 2918 videtur
419 2876 485 2918 esse
514 2876 589 2918 usus
618 2855 699 2918 libro
728 2856 863 2922 nonita
886 2855 1011 2919 diverso
1034 2854 1074 2916 ab
1097 2853 1269 2936 archetypo
1293 2853 1406 2916 antho-

265 2955 369 3039 logiae
392 2955 587 3020 Perottinae.
632 2956 701 3021 Nec
723 2979 799 3020 vero
823 2956 1048 3036 omittendum,
1081 2955 1237 3038 quaedam
1258 2955 1294 3018 in
1316 2954 1405 3017 libris

264 3057 444 3122 Pithoeano
463 3079 499 3122 ac
514 3057 664 3122 Remensi
688 3061 838 3141 corrupta
860 3057 977 3122 rectius
999 3057 1095 3121 scribi
1116 3056 1236 3140 pariter
1258 3057 1293 3120 in
1315 3078 1406 3139 para-

265 3157 374 3242 phrasi
396 3181 433 3222 ac
454 3161 649 3224 membranis
672 3160 793 3224 Perotti
818 3158 873 3244 (cf.
897 3157 994 3223 Roth.
1018 3178 1072 3242 pg.
1088 3159 1166 3241 5353
1188 3158 1231 3221 ib.
1254 3161 1322 3222 not.
1342 3157 1405 3242 13).

351 3259 521 3325 Praeterea
542 3263 720 3326 notandum
746 3263 781 3324 in
809 3261 917 3324 codice
939 3261 1108 3325 Perottino
1134 3259 1318 3344 promythia
1340 3260 1406 3322 siue

266 3362 443 3445 epimythia
470 3363 603 3427 metrica
624 3362 761 3427 Phaedri
790 3363 897 3426 deesse
924 3362 1111 3444 exceptione
1139 3361 1192 3424 vix
1219 3361 1286 3423 ulla
1311 3359 1405 3442 faeta,

265 3463 394 3546 qualem
416 3486 493 3527 sane
515 3463 613 3527 habes
636 3487 708 3547 app.
735 3465 782 3548 12,
803 3467 831 3528 7.
875 3463 924 3528 Ea
945 3463 1084 3546 pedestri
1107 3483 1252 3526 sermone
1273 3482 1406 3544 praepo-

266 3565 328 3629 sita
350 3569 426 3629 sunt
447 3565 525 3648 ipsis
547 3567 713 3649 poematis.

350 3665 426 3731 Fuit
449 3671 557 3731 autem
579 3668 693 3750 codex,
724 3689 787 3750 quo
810 3689 886 3730 usus
910 3670 959 3730 est
980 3666 1144 3749 Perottus,
1168 3665 1264 3749 plane
1287 3667 1323 3728 ut
1344 3662 1407 3728 Da-

265 3769 360 3833 nielis
382 3791 449 3833 non
472 3770 684 3852 spernendus,
713 3769 847 3833 inferior
875 3773 983 3832 tamen
1011 3768 1176 3851 aliquanto
1203 3771 1235 3830 et
1256 3765 1407 3829 Remensi

266 3875 298 3934 et
313 3869 503 3935 Pithoean0.
538 3870 622 3936 Nan]
638 3892 742 3954 neque
765 3870 1069 3952 interpolationibus
1090 3890 1194 3951 neque
1218 3865 1407 3950 corruptelis

267 3973 379 4054 caruit,
404 3994 541 4056 quorum
562 3994 713 4035 numerus
736 3976 784 4036 est
806 3981 916 4036 auctus
938 3970 1063 4034 Perotti
1085 3970 1189 4052 culpa,
1213 3969 1269 4052 qui
1290 3969 1407 4052 partim

266 4074 396 4139 levitate
419 4073 583 4154 inductuS,
616 4073 733 4156 partim
764 4073 937 4156 cupiditate
967 4072 1085 4134 vitiosa
1113 4071 1261 4152 sanandi,
1290 4069 1407 4159 partim

266 4177 427 4259 imperitia
453 4177 500 4240 rei
527 4177 675 4240 metricae
703 4176 864 4258 prioribus
892 4174 979 4238 vitiis
1008 4195 1093 4238 nova
1121 4172 1251 4236 addidit.
1295 4171 1407 4252 Itaque

301 4317 465 4326 --—-.-..-..

337 4398 358 4465 ¹)
378 4395 418 4452 Cf.
436 4394 517 4450 Roth.
539 4396 557 4448 l.
576 4413 623 4461 m.,
643 4413 689 4468 pg.
709 4401 766 4450 533.
