3298 5110
782 313 992 376 --an-
1074 285 1116 306 ”

344 503 349 514 ·
399 467 482 531 Eum
505 469 633 550 poetam
656 465 741 548 quod
757 465 1007 550 Cannegieterus
1023 468 1055 528 et
1069 464 1296 530 Lachmannus
1319 465 1458 530 secundo

314 593 346 652 p.
372 568 447 633 Chr.
477 567 603 631 saeculo
633 566 833 650 adscribunt,
866 566 1052 652 longissime
1074 569 1244 650 utrumque
1267 589 1286 630 a
1307 589 1382 631 vero
1406 567 1459 630 ab·

316 692 420 734 errare
444 669 601 733 existimo.
631 667 675 730 Et
690 667 914 750 (launegieteri
936 667 1064 751 quidem
1087 667 1268 731 dissertatio
1291 668 1459 732 notissima

316 774 352 834 dc
374 776 474 836 octale
497 775 525 834 ct
546 771 616 835 stilo
632 768 746 833 Flauii
767 768 891 833 Auloni
914 767 974 852 (ita
995 769 1080 831 enim
1102 769 1276 851 inscripsit)
1299 773 1336 832 ut
1357 770 1459 833 multa

318 873 481 938 doctrinae
508 893 576 935 non
605 869 802 953 spernendae
831 869 877 932 ita
899 869 952 932 vix
974 870 1126 952 pauciora
1148 871 1259 934 iudicii
1281 870 1459 934 deficientis

317 977 523 1057 ortorumque
553 994 590 1035 ex
621 972 682 1035 hoc
712 971 791 1034 vitio
821 971 888 1034 sive
915 992 1059 1034 errorum
1077 972 1140 1058 'vix
1169 971 1370 1035 credibilium
1393 973 1459 1035 sive

319 1074 481 1139 inutilium
504 1073 702 1158 argutiarum
725 1073 870 1136 continet
897 1073 1095 1136 documenta.
1141 1071 1289 1138 Ceterum
1312 1077 1345 1137 et
1365 1073 1459 1136 huius

317 1180 350 1239 et
377 1173 576 1240 Lachmanni
604 1174 714 1257 opinio
748 1195 786 1237 eo
815 1172 1017 1256 potissimum
1045 1173 1160 1238 nititur
1187 1177 1394 1258 argumento,
1423 1178 1460 1237 ut

319 1277 428 1341 dicant
456 1277 490 1339 in
513 1274 630 1339 scholis
652 1273 750 1338 medii
773 1273 858 1358 aevi,
889 1273 1004 1356 quibus
1032 1297 1109 1339 sane
1131 1276 1268 1339 multum
1297 1276 1459 1340 lectitatus

318 1382 367 1442 est
395 1377 541 1442 Avienus
548 1428 557 1460 ,
592 1377 660 1442 eius
685 1379 834 1459 poemata
861 1375 970 1439 omnia
999 1398 1036 1439 ea
1062 1377 1211 1460 traxisse,
1246 1399 1327 1461 quae
1356 1377 1461 1440 aliena

318 1479 383 1542 sint
410 1479 450 1542 ab
474 1481 578 1542 aetate
600 1477 853 1541 Antoninorum.
899 1475 942 1538 111
968 1499 1044 1540 sane
1067 1477 1167 1542 libros
1195 1478 1377 1543 scholarum
1400 1501 1459 1542 usu

317 1601 374 1662 per
389 1579 529 1644 medium
545 1585 658 1644 aevum
680 1579 773 1643 tritos
796 1578 997 1662 gravioribus
1020 1600 1115 1662 quarn
1132 1582 1252 1644 ceteros
1270 1580 1459 1662 corruptelis

318 1685 350 1744 et
382 1682 683 1765 interpolationibus
717 1679 802 1743 affici
836 1679 948 1743 solitos
976 1680 1099 1763 pridem
1127 1681 1313 1749 intellexere
1346 1681 1457 1745 critici.

317 1782 356 1846 In
371 1783 508 1866 Avieno,
532 1787 568 1846 ut
589 1783 711 1846 leviora
732 1801 818 1844 nuno
841 1781 976 1863 mittam,
1000 1782 1039 1845 ab
1063 1783 1196 1865 antiquo
1219 1781 1293 1846 inde
1315 1786 1460 1865 tempore

317 1883 468 1964 maxime,
504 1904 563 1946 nec
592 1883 766 1964 immerite,
799 1881 983 1964 promythi'a
1011 1884 1062 1947 vel
1090 1883 1265 1967 epimythia
1291 1883 1459 1950 hominum

318 1984 484 2048 doctorum
507 1987 678 2048 moverunt
700 1983 909 2066 suspitiones,
939 2004 1010 2047 cum
1037 1985 1226 2066 praesertim
1253 2007 1273 2049 a
1294 1984 1459 2048 nonnullis

318 2085 481 2149 codicibus
504 2107 615 2149 eorum
636 2085 787 2168 pleraque
810 2084 940 2148 exulent
964 2085 1023 2170 (cf.
1038 2083 1189 2170 ,1111111111Ι
1214 2085 1286 2150 diss.
1309 2105 1363 2170 pg.
1387 2085 1459 2166 291,

318 2187 363 2273 2).
388 2225 426 2234 -
457 2185 580 2252 Verum
606 2187 692 2250 enim
721 2206 797 2250 vero
826 2187 860 2249 in
887 2186 965 2269 ipsis
992 2186 1110 2250 fabulis
1136 2190 1203 2250 tam
1231 2186 1332 2250 multa
1354 2187 1460 2269 quarti

322 2287 468 2372 quintive
495 2310 526 2370 p.
551 2287 625 2353 ohr.
640 2360 642 2366 ¹
655 2286 772 2351 saeculi
800 2286 949 2351 dictionis
972 2289 1162 2352 metricaeve
1183 2288 1314 2371 propria
1335 2287 1459 2352 inveni·
1487 2325 1490 2328 -

319 2393 427 2472 untur,
451 2393 496 2472 ut,
518 2390 581 2452 nisi
603 2410 724 2453 novum
746 2410 876 2471 prorsus
898 2392 955 2452 tuo
978 2390 1119 2472 periculo
1135 2389 1256 2473 fingere
1272 2389 1460 2453 sustinueris

325 2491 497 2573 Asianum,
519 2490 591 2554 tolli
614 2512 652 2554 ea
674 2489 884 2557 coniectando
907 2511 973 2554 non
995 2490 1129 2573 possint.
1174 2489 1218 2552 Et
1238 2490 1306 2573 ipse
1329 2490 1406 2554 dicit
1428 2512 1460 2554 se

324 2593 413 2656 nullo
442 2596 516 2656 ante
545 2592 627 2656 libro
656 2591 742 2654 edito
766 2591 891 2655 fabulas
913 2591 970 2654 has
992 2591 1063 2655 rudi
1084 2590 1244 2654 latinitate
1267 2592 1459 2675 compositas

323 2693 422 2778 elegis
450 2692 608 2777 explicare
637 2713 704 2756 esse
731 2696 895 2776 conatum,
928 2692 984 2755 ubi
1013 2693 1167 2775 explicare
1195 2691 1278 2756 idem
1307 2697 1355 2757 est
1376 2693 1481 2776 quod,

318 2817 490 2878 proponere
518 2796 585 2860 sive
607 2796 806 2878 perscribere.
853 2794 949 2857 Plura
976 2793 1014 2856 de
1043 2793 1104 2857 hac
1125 2815 1159 2856 re
1181 2795 1365 2858 monuimus
1387 2795 1460 2858 libri

318 2899 420 2961 nostri
444 2899 482 2962 de
505 2919 538 2961 re
561 2897 694 2961 metrica
714 2901 881 2979 poetarum
904 2894 1093 2959 Latinorum
1115 2915 1168 2980 pg.
1191 2896 1242 2960 55.
1278 2895 1365 2971 Quae
1388 2903 1460 2961 curn

318 2999 364 3062 ita
391 2999 472 3080 sint,
505 2999 590 3062 haud
618 2996 823 3082 improbabili
852 2997 1037 3060 coniectura
1059 2997 1106 3060 uti
1130 3017 1183 3060 eos
1206 2997 1368 3081 existimo,
1403 2999 1458 3082 qui

320 3101 527 3166 Theodosium
558 3099 650 3165 illum
685 3098 723 3163 ad
756 3119 852 3182 quem
882 3097 969 3161 dedit
996 3097 1122 3162 fabulas
1150 3098 1295 3162 Avienus
1325 3098 1459 3163 credunt

317 3201 415 3265 fuisse
438 3202 641 3266 Ambrosium
665 3201 871 3265 Theodosium
893 3199 1096 3266 Macrobiuru
1125 3200 1327 3264 notissimum
1352 3197 1459 3264 Satur-

319 3302 479 3366 naliorum
502 3303 706 3386 scriptorem,
736 3301 790 3385 qui
814 3301 952 3366 Arcadio
984 3306 1016 3365 et
1036 3299 1184 3366 Honorio
1213 3301 1460 3384 imperatoribus

307 3403 386 3468 «11111
407 3405 557 3488 aequalis.

404 3504 539 3589 Scripsit
565 3505 667 3570 latino
696 3526 842 3569 sermone
871 3504 995 3569 fabulas
1018 3508 1055 3567 ut
1076 3504 1144 3586 ipse
1166 3505 1304 3566 testatur
1325 3525 1459 3569 numero

318 3607 375 3690 42,
399 3606 570 3690 Bebrium,
598 3606 687 3670 cuius
714 3626 869 3690 magnum
890 3605 953 3668 fuit
974 3626 1092 3668 nomen
1115 3603 1236 3668 ultimis
1259 3605 1460 3688 antiquitatis

318 3707 467 3791 saeculis,
498 3709 614 3772 sinon
637 3729 761 3790 semper
788 3705 842 3790 (cf.
867 3705 977 3771 Lehm.
1000 3705 1101 3789 praef.
1125 3705 1221 3771 Babr.
1247 3705 1401 3797 111111),Ι
1426 3717 1460 3772 11

319 3812 404 3873 certe
426 3809 601 3892 plurimum
624 3811 765 3892 secutus3
788 3811 825 3870 ut
847 3829 928 3891 quae
950 3828 1017 3871 non
1040 3810 1150 3900 extant
1172 3807 1291 3871 Aviani
1314 3808 1460 3890 exempla

319 3910 404 3993 apud
425 3910 512 3974 hunc
535 3931 572 3973 ea
587 3909 653 3973 fere
669 3909 752 3972 sicut
766 3907 852 3973 haud
865 3929 986 3991 paucae
1002 3908 1142 3973 eiusdem
1157 3908 1285 3972 fabulae
1300 3909 1459 3993 deperisse

319 4011 384 4075 sint
406 4011 625 4075 existimanda.

403 4111 483 4176 Eius
505 4113 537 4176 in
561 4111 679 4176 fabulis
708 4113 768 4176 etsi
796 4112 849 4177 hio
877 4112 945 4176 illic
967 4111 1179 4176 inveniuntur
1200 4113 1301 4177 relata
1323 4133 1390 4176 non
1412 4113 1460 4176 in·

319 4213 413 4297 scite,
436 4213 572 4278 multum
594 4217 702 4278 tamen
725 4214 882 4280 suavitate
904 4213 1042 4278 vincitur
1064 4237 1083 4277 1
1106 4212 1240 4296 Babrio,
1263 4218 1359 4297 atque
1380 4213 1459 4278 adeo

319 4315 482 4397 Phaedro,
513 4336 695 4398 quanquam
718 4315 745 4379 is
767 4316 899 4379 minime
922 4318 1038 4398 aequat
1058 4314 1153 4379 huius
1183 4316 1334 4396 virtuteS,
1364 4315 1459 4400 longe

319 4420 367 4480 est
390 4414 530 4482 inferior.
