3298 5110
695 271 901 334 „23-

226 421 271 484 ita
302 421 446 485 Phaedro
477 422 598 506 aliquid
632 423 793 506 praestitit
821 423 979 487 utilitatis,
1044 423 1234 509 Quanquam
1267 427 1374 492 multa

225 523 319 605 plura
340 523 447 606 potuit
467 527 629 606 praestare
651 524 770 606 eidem,
792 523 855 587 nisi
878 525 1049 589 necessitas
1072 525 1244 590 festinandi
1268 529 1369 592 nimia

225 623 277 688 hic
301 627 337 688 ut
359 625 476 707 ubique
500 625 676 690 obstitisset
698 625 765 688 eius
787 625 929 709 ingenie.

311 723 460 790 Ceterum
483 747 555 790 cum
578 726 696 790 sensim
719 725 836 809 peritia
858 716 996 790 Phaedri
1024 725 1169 792 codicum
1199 733 1231 793 ct
1259 729 1368 794 lectio·

225 848 304 890 num
326 826 503 910 antiquitus
525 826 714 890 traditarum
737 826 906 891 excidisset
920 827 1105 891 hominibus
1128 827 1238 908 doctis,
1262 831 1369 895 evenit

225 927 403 1010 paullatim,
426 930 463 991 ut
484 927 611 992 fabulae
635 928 702 992 e'ius
725 928 907 1010 acciperent
929 927 1075 992 habitum
1098 951 1117 992 a
1138 931 1286 1013 pristine,
1309 932 1365 1014 qui

224 1028 316 1091 libris
339 1028 465 1112 scriptis
482 1032 565 1092 esset
581 1029 727 1112 traditae,
745 1028 917 1092 admodum
932 1030 1082 1114 alienum,
1106 1034 1205 1115 utque
1220 1031 1367 1114 plurimis

225 1130 260 1194 in
283 1130 363 1194 loeis
385 1129 598 1214 ignoraretur,
629 1130 706 1214 quid
731 1129 792 1194 fide
815 1130 1073 1195 membranarum
1095 1131 1260 1212 niteretur,
1290 1133 1367 1217 quid

225 1231 409 1296 criticorum
432 1231 734 1321 interpolationibus
758 1235 842 1296 asset
862 1236 1026 1298 novatum.

309 1333 422 1416 Itaque
445 1353 518 1396 cum
540 1355 626 1398 anno
652 1332 852 1397 18301101110
877 1332 1138 1418 Francogallicus
1166 1336 1267 1400 Iulius
1290 1336 1367 1400 Ber·

223 1456 281 1520 ger
302 1435 340 1497 de
363 1433 483 1516 Xivrey
505 1437 667 1516 protracto
694 1456 803 1498 rursus
825 1455 864 1498 ex
890 1434 1032 1499 tenebris
1054 1435 1163 1501 codice
1185 1436 1366 1502 Pithoeano

224 1537 304 1600 bene
334 1535 465 1598 meritus
494 1537 577 1598 esset
603 1533 641 1598 dc
670 1535 816 1627 Phaedro
822 1586 831 1618 ,
860 1533 1026 1619 aliquanto
1052 1536 1125 1620 plus
1153 1537 1255 1602 eidem
1276 1559 1367 1621 prae·

222 1637 306 1701 stitit
344 1635 465 1718 Caspar
505 1633 658 1719 Orellius,
707 1637 762 1721 qui
800 1637 946 1719 proximo
987 1659 1072 1702 anno
1113 1638 1294 1702 fabularum
1333 1643 1365 1703 et

224 1740 323 1804 libros
356 1738 498 1822 quinque
530 1741 562 1801 et
594 1737 803 1821 appendicem
826 1737 1025 1802 Perottinam
1059 1739 1174 1821 edidit,
1211 1739 1367 1804 instructa

224 1843 379 1925 apparatu
410 1839 521 1904 critico
549 1837 622 1920 tali,
652 1843 688 1903 ut
715 1860 923 1922 quaecunque
951 1839 990 1904 de
1013 1840 1146 1904 diversis
1168 1841 1366 1906 diversorum

225 1941 363 2006 Phaedri
385 1941 531 2005 codicum
553 1939 746 2005 lectionibus
774 1944 880 2004 essent
901 1940 1021 2006 tradita
1049 1945 1367 2025 repraesentarentur

222 2031 324 2126 paene
345 2043 481 2126 integra.
526 2040 614 2105 Idern
642 2043 676 2105 in
703 2041 942 2126 prolegomenis
963 2042 1131 2106 historiam
1154 2043 1297 2107 criticam
1319 2042 1367 2106 fa-

223 2148 339 2224 torum,
363 2163 444 2224 quae
459 2142 599 2224 perpessi
617 2145 692 2205 sunt
706 2142 831 2206 codices
846 2141 985 2205 Phaedri
1008 2145 1108 2224 (nam,
1133 2147 1169 2207 ut
1191 2143 1365 2207 rectissime

223 2244 300 2308 dicit
322 2241 534 2306 Terentianus
554 2241 696 2324 Maurus,
719 2241 840 2306 habent
861 2265 918 2306 sua
940 2241 1007 2308 fata
1028 2247 1060 2308 ct
1082 2242 1197 2328 libelli)
1220 2247 1365 2318 accurate

222 2344 432 2429 perscriptam
447 2343 624 2426 proposuit.
661 2343 773 2426 Itaque
789 2364 908 2428 magna
929 2343 1021 2408 laude
1045 2345 1175 2429 dignam
1198 2367 1363 2410 censemus
1497 2411 1505 2424 ,

222 2446 305 2510 hanc
327 2441 395 2508 eiu's
417 2444 644 2526 recensionem,
668 2466 852 2528 quanquam
874 2444 942 2527 ipse
964 2443 1004 2508 ad
1020 2445 1218 2510 emendanda
1241 2445 1292 2509 vel
1314 2466 1365 2508 ex·

222 2545 371 2630 plicanda
392 2544 531 2609 Phaedri
559 2546 679 2629 scripta
700 2567 768 2610 non
789 2545 862 2628 plus
885 2546 1024 2609 contulit
1046 2568 1142 2630 quam
1165 2547 1205 2610 ad
1227 2545 1365 2610 Horatii.

226 2647 386 2712 Vtilitatis
406 2649 462 2710 aut
483 2668 597 2728 parum
620 2651 675 2710 aut
696 2645 777 2710 nihil
801 2646 982 2710 attulerunt
1003 2648 1106 2711 eidem
1121 2647 1279 2712 Dressleri
1302 2647 1365 2711 edi-

222 2751 326 2814 tiones
351 2747 689 2830 (Bautzenaea.183l,
713 2746 841 2830 Lipsiae
857 2747 961 2832 1850),
985 2749 1101 2831 quibus
1123 2747 1218 2812 simul
1241 2751 1276 2811 ut
1299 2771 1362 2812 me·

221 2849 345 2914 moravi
368 2848 559 2912 exhibentur
580 2848 707 2930 fabulae
735 2849 920 2932 pleraeque,
950 2870 1029 2932 quas
1051 2848 1207 2914 Romulus
1230 2852 1285 2912 aut
1308 2849 1363 2912 alii

222 2953 435 3032 servaverant,
459 2970 497 3012 ex
517 2951 656 3032 pedestri
679 2972 825 3014 sermone
847 2951 881 3014 in
897 2971 1007 3014 versus
1022 2954 1150 3014 coactae
1167 2948 1362 3028 deterrimos,

221 3073 325 3134 neque
348 3049 493 3113 Phaedro
522 3050 636 3134 dignos
665 3051 720 3114 sed
747 3050 934 3115 Ribbeckio.
980 3049 1102 3125 Quibus
1129 3051 1237 3116 recisis
1266 3050 1364 3115 Fran-

221 3152 322 3216 uiscus
349 3149 619 3234 Eyssenhardtius
646 3151 680 3214 in
708 3153 894 3216 recensione
923 3150 1068 3215 Berolini
1094 3173 1124 3215 a.
1152 3153 1230 3216 1867
1259 3153 1363 3234 publi·

221 3256 292 3318 cata
324 3252 384 3317 etsi
410 3252 478 3335 ipse
507 3273 609 3334 pauca
636 3251 807 3317 admodum
834 3253 968 3316 novavit
994 3252 1028 3315 in
1057 3252 1175 3316 tradita
1196 3253 1363 3336 scriptura,

222 3377 373 3441 magnam
400 3357 510 3417 tamen
537 3353 664 3417 laudem
693 3354 810 3418 meruit
831 3352 917 3437 quod
939 3353 980 3416 ad
1001 3353 1158 3436 tollenda,
1189 3375 1271 3436 quae
1293 3355 1364 3438 plu·

222 3457 304 3521 rima
326 3455 429 3520 latent
450 3454 484 3518 in
506 3454 668 3538 Phaedro,
691 3455 806 3519 menda
827 3455 949 3538 primus
971 3456 1056 3519 inter
1079 3455 1256 3520 Germanos
1278 3457 1363 3538 prio·

222 3581 294 3622 rum
316 3557 457 3621 inventis
480 3556 679 3634 criticorum,
703 3556 841 3620 maxime
864 3555 1012 3640 Bentleii,
1035 3557 1083 3621 uti
1102 3579 1197 3620 ausus
1219 3562 1268 3620 est
1290 3579 1363 3622 cum

223 3661 369 3724 libertate
392 3657 510 3722 iudicii.
555 3656 628 3742 Ego
650 3659 684 3722 in
708 3658 847 3722 editione
870 3679 941 3721 mea
947 3707 955 3739 ,
986 3679 1067 3740 quae
1093 3659 1213 3741 prodiit
1235 3658 1361 3742 Lipsiae

223 3761 303 3826 1868
330 3760 365 3822 in
393 3757 586 3822 bibliotheca
608 3758 845 3836 Teubneriana,
875 3780 1018 3842 quaeque
1046 3759 1220 3842 plurimum
1248 3761 1363 3824 teritur

220 3860 387 3926 hominum
411 3859 548 3922 Phaedri
570 3860 768 3924 curiosorum
791 3872 866 3944 usu,
897 3859 1036 3943 primurn
1056 3859 1090 3924 id
1111 3861 1233 3944 studui,
1262 3865 1298 3926 ut
1318 3861 1361 3926 le·

221 3964 374 4049 gerentur
400 3982 509 4025 versus
532 3960 670 4025 Phaedri
698 3962 846 4047 castigati
873 3962 913 4025 ad
942 3983 993 4024 eas
1021 3961 1067 4025 rei
1089 3962 1238 4027 metricae
1261 3963 1359 4047 leges,

222 4086 300 4149 quas
323 4066 410 4127 certo
426 4065 552 4127 constat
567 4067 710 4127 secutum
726 4084 793 4126 esse
809 4062 999 4145 Phaedrum,
1023 4061 1144 4146 deinde,
1168 4066 1205 4126 ut
1227 4063 1360 4127 omnino

221 4163 372 4230 adhibitis
400 4163 539 4246 propriis
567 4164 686 4247 pariter
708 4167 804 4247 atque
827 4163 940 4228 alienis
963 4163 1239 4228 emendationibus
1262 4164 1360 4227 verba

222 4264 360 4332 Phaedri
392 4265 636 4329 restituerentur
668 4287 763 4349 quam
801 4266 937 4329 maxime
974 4269 1082 4349 posset
1117 4265 1187 4329 fieri
1222 4265 1359 4348 integra.

222 4368 410 4452 Quanquam
433 4388 505 4430 cum
528 4367 626 4432 editio
649 4366 705 4432 illa
726 4371 808 4432 esset
830 4367 1013 4432 scholarum
1031 4368 1234 4451 potissimum
1250 4367 1359 4432 usibus
