3298 5110
665 402 703 411 ..
750 363 789 426 10

196 519 316 583 alienas
332 519 489 582 existimo.
529 516 590 592 Qui
624 538 807 600 quanquam
831 515 898 598 ipsc
920 513 1008 580 haud
1030 506 1102 577 raro
1126 512 1264 576 ciusdem
1288 511 1337 576 vel

197 619 309 683 similis
338 622 520 704 argumenti
547 618 712 701 complura
734 617 864 681 exhibet
892 616 1048 699 carmina,
1075 619 1183 679 tamen
1206 615 1338 678 minime

196 727 262 784 tam
284 721 394 804 inepta
416 720 499 784 solet
519 741 699 804 proponere
724 741 819 803 quam
842 722 918 783 sunt
932 716 1062 781 Romuli
1076 715 1133 800 IV,
1151 717 1181 794 7,
1204 738 1254 780 an.
1271 713 1337 779 Nil.

200 823 251 899 30,
276 843 358 906 quae
380 822 454 886 ficta
477 843 515 885 ex
537 821 629 885 Rom.
651 819 676 905 Ι,
701 820 750 904 19,
773 819 831 884 Ph.
855 819 880 898 I,
908 819 955 883 13.

282 921 429 986 Ceterum
445 922 568 986 alienae
585 945 605 986 a
619 921 765 986 Phaedro
783 920 911 985 fabulae
928 919 1089 1004 pedestres
1107 919 1186 1002 quin
1204 918 1256 982 hio
1271 917 1338 981 illic

197 1022 318 1107 aliquid
340 1044 379 1086 ex
402 1023 469 1086 eius
491 1023 608 1088 fabulis
630 1023 802 1106 traxerint,
832 1023 969 1086 maxime
991 1021 1025 1086 in
1047 1019 1249 1104 promythiis‚
1271 1041 1339 1083 non

197 1124 368 1188 intercedo.
392 1163 433 1172 -
456 1123 591 1208 Contra,
614 1127 651 1188 ut
673 1124 776 1189 obiter
798 1124 1065 1204 humectantur,
1089 1121 1241 1205 quoniam
1264 1124 1339 1184 sunt

196 1225 283 1290 haud
309 1224 452 1308 inutilia,
483 1226 568 1309 quod
594 1225 745 1291 nonnulli
768 1225 917 1290 dixerunt
937 1225 972 1288 in
991 1223 1109 1287 fabulis
1131 1244 1170 1286 ex
1193 1221 1343 1287 Phaedro-

197 1332 353 1409 expressis
374 1326 468 1390 initia
490 1327 627 1391 maxime
656 1327 758 1391 solere
786 1326 965 1391 accuratius
993 1325 1112 1389 referre
1142 1325 1210 1388 eius
1232 1325 1338 1407 verba,

200 1449 237 1492 ex
265 1432 356 1511 parta
379 1449 490 1492 verum
519 1433 582 1512 est3
612 1427 667 1492 sed
696 1427 782 1491 enim
803 1449 871 1493 non
892 1429 995 1492 rarius
1018 1427 1111 1490 aliter
1132 1424 1250 1489 habere
1272 1447 1339 1489 rem

196 1528 329 1611 perinde
362 1532 498 1595 constat.
549 1531 653 1613 Atque
684 1533 720 1593 ut
754 1529 830 1592 alibi
870 1529 916 1594 ita
950 1529 1047 1593 etiam
1080 1529 1114 1591 in
1148 1526 1340 1610 promythiis

198 1651 378 1713 anonymus
406 1629 715 1716 Wissemburgensis
749 1652 842 1713 saepe
875 1630 1000 1694 fidelius
1033 1628 1172 1692 servavit
1202 1626 1340 1691 Phaedri

199 1731 380 1815 exemplum
403 1753 500 1815 quam
522 1732 631 1796 ceteri.

282 1831 388 1896 Huius
422 1836 529 1897 autem
562 1855 657 1916 saepe
691 1833 801 1907 verba,
835 1832 1007 1916 aliquando
1042 1829 1244 1895 hemistichia
1274 1830 1341 1894 sive

200 1955 310 1998 versus
326 1938 438 1998 auctor
460 1935 664 2018 paraphrasis
679 1933 815 1998 fideliter
830 1932 1001 1998 admodum
1023 1933 1152 2016 repetiit
1166 1933 1231 1995 suis
1252 1931 1340 1994 fabu-
1376 1935 1378 1939 ’

199 2035 249 2098 lis.
288 2034 331 2100 Et
353 2057 430 2100 sane
453 2057 491 2099 ex
513 2034 623 2099 metris
645 2035 770 2099 Latinis
792 2035 909 2099 senarii
932 2033 1070 2098 Phaedri
1092 2038 1124 2098 et
1146 2032 1341 2097 comicorum

200 2158 296 2220 quam
318 2137 463 2220 proxime
486 2125 642 2200 accedunt
655 2135 695 2199 ad
710 2158 890 2200 sermonem
912 2134 1099 2218 pedestrem.
1137 2133 1223 2198 Hinc
1246 2135 1342 2197 etiam

199 2237 360 2301 interdum
384 2241 553 2320 corruptos
575 2235 714 2301 Phaedri
741 2238 829 2301 locos
858 2259 896 2300 ex
924 2236 1112 2321 paraphrasi
1125 2236 1214 2334 licet
1237 2257 1342 2299 emen-

201 2337 286 2422 dari,
316 2338 406 2402 ouius
429 2341 540 2403 auctor
562 2360 639 2402 sane
661 2337 739 2402 alias
763 2337 913 2421 deceptus
940 2340 988 2401 est
1009 2344 1076 2421 ipse
1103 2336 1192 2400 falsis
1219 2336 1342 2419 proprii

200 2438 337 2516 Phaedri
367 2439 568 2505 lectionibus.
613 2438 734 2503 Tamen
760 2439 862 2504 multo
891 2439 1001 2522 utique
1028 2439 1170 2522 potiores
1199 2441 1276 2501 sunt
1303 2436 1343 2500 ad

201 2541 399 2605 restituenda
412 2539 550 2605 Phaedri
574 2540 672 2604 verba
693 2540 768 2605 libri
790 2539 988 2605 Pithoeanus
1010 2543 1043 2604 cl
1057 2538 1224 2604 Remensis
1247 2542 1343 2622 atque

200 2641 279 2706 adeo
302 2641 498 2707 Perottinus.
516 2679 558 2690 —
580 2641 729 2706 Proxime
752 2645 860 2705 autem
882 2641 922 2704 ad
945 2640 1083 2705 Phaedri
1105 2639 1285 2723 exemplum
1308 2639 1343 2703 in

200 2742 274 2806 libri
306 2742 401 2826 primi
435 2748 520 2808 certe
556 2742 673 2807 fabulis
705 2743 866 2827 plerisque
898 2735 1024 2807 'accedit
1057 2764 1094 2806 ea
1129 2741 1343 2825 paraphrasis,
1440 2813 1444 2822 y

144 2891 149 2898 .
201 2866 297 2927 quam
319 2842 728 2926 Nilantianusanonymus
751 2843 890 2927 exhibet,
914 2843 969 2926 qui
991 2843 1070 2907 alias
1094 2841 1224 2908 Romuli
1247 2864 1343 2926 quam

201 2947 353 3028 anonymi
370 2945 679 3031 Wissemburgensis
695 2949 743 3010 est
757 2945 907 3032 similior5
931 2944 972 3009 of.
986 2943 1094 3009 Gross.
1110 2944 1133 3007 l.
1149 2967 1191 3008 m.
1207 2965 1260 3029 pg.
1272 2943 1343 3007 782.

174 3095 181 3106 ,
202 3045 322 3110 Eadem
346 3052 378 3110 et
400 3045 560 3111 interdum
583 3048 703 3111 maiore
725 3047 787 3110 fide
811 3051 858 3111 est
880 3046 1003 3130 sylloge
1025 3044 1343 3129 Wissemburgensis,

203 3148 293 3211 cuius
321 3169 396 3211 sane
425 3147 590 3231 aliquanto
621 3149 723 3212 maius
754 3152 836 3211 esset
868 3147 1020 3230 pretium,
1054 3147 1118 3209 nisi
1146 3151 1178 3210 et
1200 3169 1219 3209 a
1241 3146 1344 3210 scriba

202 3249 351 3332 imperito
382 3247 553 3312 admodum
575 3269 611 3312 ac
633 3248 820 3334 neglegenti
842 3252 925 3312 esset
947 3251 1075 3311 exarata
1098 3251 1130 3310 et
1151 3247 1345 3330 interpolata

201 3373 221 3414 ‘a
243 3350 374 3414 librario
397 3370 477 3414 saec.
501 3348 562 3429 XI,
590 3350 645 3432 qui
668 3348 798 3413 Romuli
824 3349 1027 3432 potissimum
1054 3369 1129 3412 usus
1151 3347 1240 3411 libris
1263 3348 1344 3410 anti-

203 3473 298 3535 quam
321 3452 511 3534 scripturam
534 3473 627 3534 saepe
650 3450 769 3515 delevit
790 3451 851 3534 ita,
874 3453 910 3513 ut
932 3449 1113 3531 recuperari
1135 3449 1225 3512 nullo
1249 3453 1343 3531 pacto

203 3555 267 3617 iam
289 3543 400 3637 pobsit.
446 3551 494 3616 Of.
518 3552 652 3618 Oesterl.
674 3573 728 3636 pg.
754 3552 802 3615 14.

288 3653 436 3718 Ceterum
470 3675 541 3718 cum
569 3653 700 3719 Romuli
731 3653 806 3717 libri
832 3675 937 3736 neque
971 3675 1008 3716 ex
1037 3651 1345 3735 Wissemburgensis

202 3777 307 3838 neque
329 3776 368 3819 ex
392 3755 572 3820 Nilantiani
595 3754 736 3820 auctoris
758 3755 881 3840 sylloge
904 3755 970 3818 sint
992 3754 1094 3834 ducti,
1123 3753 1178 3816 sed
1201 3773 1239 3816 ex
1262 3774 1346 3819 ccm-

204 3858 294 3920 muni
320 3856 428 3940 fonte,
457 3856 517 3921 hoc
540 3859 648 3920 estex
671 3877 803 3938 corpore
827 3855 1007 3920 fabularum
1027 3853 1265 3938 antiquissimo,
1295 3855 1345 3919 cui

204 3959 393 4042 inscriptum
421 3957 484 4023 fuit
505 3957 646 4038 Aesopus
668 3958 712 4022 od
734 3956 873 4036 Rufum,
902 3978 970 4020 non
996 3959 1104 4041 potest
1130 3976 1197 4019 esse
1219 3955 1345 4036 mirum,

205 4059 290 4142 quod
312 4058 362 4122 vel
386 4059 420 4123 hi
443 4058 604 4123 interdum
625 4057 757 4141 propius
779 4057 934 4122 accedunt
949 4056 988 4121 ad
1003 4057 1141 4122 Phaedri
1165 4055 1346 4139 exemplum

204 4183 300 4246 quam
322 4164 456 4243 uterque
479 4181 668 4242 anonymus.

291 4259 453 4337 Quantum
481 4260 520 4324 ad
544 4264 682 4325 aetatem
704 4263 772 4326 eius
795 4261 849 4345 qui
873 4261 1054 4343 composuit
1075 4261 1238 4343 Aesopum
1260 4257 1346 4323 Lati-

204 4387 297 4447 num,
327 4385 452 4428 summa
474 4363 541 4426 eius
564 4359 703 4428 infantia
724 4363 851 4428 videtur
872 4361 1007 4426 indicari
1030 4361 1127 4425 fuisse
1149 4382 1221 4424 eum
1244 4358 1346 4422 Mero-

207 4466 390 4548 vingiorurn
413 4469 565 4548 tempore.
610 4462 799 4544 Romulum,
823 4464 879 4547 qui
901 4467 937 4527 ut
959 4460 1250 4546 supramemoravi
1273 4483 1345 4524 ano·
1429 4467 1432 4472 '
