3298 5110
667 366 706 374 -
751 327 792 390 25
837 366 876 376 .-

286 481 310 564 1,
332 480 383 563 aa,
407 482 435 563 a,
458 481 494 544 a:

387 599 444 654 noli
463 598 562 652 vercn'.
598 599 629 652 at
645 596 708 651 illc:
727 597 849 652 facerem
867 599 1037 665 mehercule,

387 683 440 736 nisi
458 699 517 737 esse
537 681 637 736 scirem
657 680 794 736 carniste
814 683 946 752 cupidum
966 701 1054 738 meae.

285 786 445 851 Statuitur
466 785 565 870 vulgo
587 783 770 848 Phaedrum
792 785 887 850 modo
911 787 1078 851 mehercule
1100 786 1224 865 dixisse,
1249 789 1344 854 modo

200 889 393 954 ruchcrcuhs.
437 885 624 951 Notandum
651 890 760 949 tamen
788 890 911 951 veteres
939 891 1051 970 poetas
1073 886 1159 951 haud
1182 887 1276 952 facile
1299 889 1344 952 di-

202 990 301 1054 versis
330 988 470 1053 eiusdem
501 987 648 1053 vocabuli
676 1009 751 1052 usos
780 1009 848 1052 esse
875 988 988 1052 formis
1010 988 1074 1052 nisi
1097 989 1152 1053 ubi
1174 991 1268 1053 metri
1290 1012 1343 1052 ne-

202 1092 332 1156 cessitas
355 1093 493 1174 cogeret.
536 1089 606 1153 Iam
628 1087 713 1173 apud
735 1087 917 1154 Phaedrum
940 1111 1013 1153 cum
1035 1089 1134 1154 codex
1157 1089 1343 1156 Perottinus

202 1193 319 1284 ubique
341 1195 467 1275 praeter
489 1191 573 1256 hane
596 1190 753 1274 fabulam,
783 1213 865 1276 quae
893 1213 961 1256 non
983 1191 1104 1276 legitur
1126 1191 1160 1255 in
1183 1213 1231 1276 eo,
1254 1214 1344 1276 prae-

201 1295 275 1358 beat
306 1293 386 1358 illud
418 1294 617 1375 mehercuh3‚
649 1292 735 1376 quod
767 1292 830 1376 III,
868 1294 916 1375 17,
947 1294 966 1356 8
999 1292 1067 1376 ipse
1101 1314 1210 1357 versus
1245 1295 1345 1380 exigit
1381 1363 1384 1372 ,

202 1398 291 1481 (nam
313 1395 481 1460 mehercule
504 1415 520 1457 e
542 1393 638 1458 finale
661 1394 818 1478 corripit),
847 1415 982 1477 cumque
1010 1393 1088 1458 alias
1111 1416 1235 1478 semper
1257 1397 1346 1461 inve·

202 1498 310 1561 niatur
338 1496 517 1560 interiectio
545 1495 607 1560 ista
634 1496 668 1559 in
696 1497 760 1559 fine
788 1517 897 1560 versus
925 1495 1054 1560 iambici
1083 1495 1255 1580 collocata,
1290 1499 1346 1581 qui

203 1601 290 1662 amat
317 1597 416 1681 longa
443 1596 566 1680 syllaba
592 1597 775 1681 terminari,
803 1596 897 1662 credo
926 1597 1059 1661 omnino
1088 1597 1122 1660 in
1150 1596 1199 1660 his
1227 1598 1346 1663 fabulis

206 1697 427 1782 reponendum
443 1699 637 1782 mehercules,
661 1697 746 1784 quod
764 1699 893 1782 quidem
907 1698 1182 1782 pronuntiandum
1199 1703 1247 1764 est
1268 1721 1346 1766 mer-

206 1802 295 1867 cules.

288 1919 313 2002 I,
336 1921 388 2003 29,
416 1921 514 1984 1-31

386 2037 552 2106 plerumque
571 2037 659 2103 stulti,
677 2037 764 2090 risum
782 2038 850 2091 dum
868 2038 985 2106 captant
1002 2036 1103 2102 lovem,

387 2122 468 2191 gravi
486 2122 666 2191 destringunt
683 2123 753 2177 alios
772 2121 942 2176 contumelia

389 2208 418 2260 et
435 2205 488 2259 sibi
506 2206 636 2259 nocivum
654 2207 797 2262 concitant
813 2207 979 2275 periculum.

287 2309 465 2374 Occurrens
498 2308 532 2371 in
560 2307 610 2382 his
639 2309 831 2374 adiectivum
859 2311 986 2375 uocibus
1015 2308 1101 2392 quod
1130 2309 1263 2392 exiguae
1297 2313 1346 2373 cst

201 2409 374 2475 admodum
396 2409 607 2489 auctoritatis,
629 2431 697 2475 non
719 2411 764 2474 ita
786 2411 896 2495 magni
918 2411 1066 2494 facerem,
1089 2432 1162 2474 eum
1185 2410 1344 2493 exemplo·

201 2533 272 2576 rum
300 2511 454 2576 similium
485 2511 636 2596 analogia
665 2512 707 2576 sit
729 2512 904 2597 munitum,
933 2513 960 2575 si
983 2511 1078 2577 modo
1101 2533 1230 2576 sensum
1251 2533 1341 2595 prae-

201 2615 290 2678 heret
311 2613 473 2678 idoneum.
518 2613 554 2677 Id
576 2617 685 2678 tamen
707 2635 797 2678 secus
819 2634 853 2677 se
868 2614 986 2690 habere
1002 2617 1143 2696 apparet,
1168 2634 1240 2694 cum
1255 2633 1345 2696 prae-

202 2715 312 2779 sertim
326 2716 394 2798 ipse
412 2714 574 2779 Phaedrus
596 2719 714 2796 narret,
737 2737 805 2779 non
828 2715 977 2779 nocuisse
1001 2714 1092 2779 asino
1113 2714 1346 2798 impudentiam

201 2838 301 2880 suam.
346 2815 454 2881 Sensit
475 2815 507 2879 id
530 2814 711 2900 Bentleius,
739 2816 795 2899 qui
816 2837 875 2899 pro
897 2817 1025 2882 uociuus
1047 2815 1186 2882 coniecit
1208 2815 1345 2879 scriben-
1416 2829 1418 2832 ’

200 2918 276 2981 dum
297 2919 442 2997 uicissim,
468 2917 554 3001 quod
575 2921 685 2982 tamen
700 2916 892 2982 vocabulum
907 2941 927 2982 a
941 2918 1099 3001 scriptura
1114 2916 1234 2982 tradita
1247 2917 1345 3001 longe

201 3021 249 3082 cst
271 3022 440 3100 remotum,
462 3041 567 3102 neque
590 3018 764 3103 quidquam
787 3019 908 3103 vigoris
924 3018 1013 3082 addit
1027 3019 1213 3083 sententiae.
1246 3017 1344 3102 Equi-

201 3118 272 3182 dem
295 3118 349 3182 diu
372 3123 421 3182 est
442 3140 515 3183 cum
537 3120 745 3183 existimarim
768 3119 971 3184 scribendum
995 3141 1062 3183 esse
1084 3122 1234 3204 ucmuum,
1258 3118 1344 3202 quod

201 3224 237 3283 ut
266 3220 413 3302 proxime
441 3219 563 3283 accedit
590 3219 629 3283 ad
656 3221 806 3284 traditam
833 3221 1006 3285 lectionem
1033 3222 1079 3285 ita
1109 3221 1237 3306 egregie
1270 3242 1343 3285 oum

203 3323 267 3384 fine
289 3321 418 3385 fabulae
441 3322 625 3386 concordat.
664 3320 733 3386 Nec
755 3326 863 3386 tamen
886 3320 1092 3386 dissimulabo
1115 3321 1199 3406 apud
1222 3321 1347 3386 nullum

203 3445 253 3486 me
276 3423 439 3488 invenisse
454 3427 617 3488 auctorem
634 3423 783 3488 Latinum
806 3423 886 3487 illud
908 3426 1034 3489 memoris
1054 3446 1114 3508 pro
1130 3426 1346 3489 internecivas

200 3524 311 3607 Itaque
335 3523 415 3588 haec
438 3526 624 3589 coniectura
645 3526 761 3609 quibus
783 3547 850 3588 non
868 3525 1020 3610 arriserit,
1036 3525 1196 3589 videbitur
1210 3524 1346 3590 fortasse

204 3626 306 3710 magis
335 3626 501 3708 probabile
529 3629 673 3692 uociuum
703 3630 808 3690 ortum
838 3648 904 3690 esse
931 3626 1055 3691 haustis
1084 3625 1275 3711 quibusdam·
1295 3626 1346 3691 vel

204 3726 381 3790 obscuratis
409 3727 444 3790 in
472 3727 647 3811 archetypo
676 3727 814 3791 Phaedri
841 3728 957 3792 litteris
979 3731 1012 3792 et
1047 3727 1249 3792 scribendum
1277 3749 1342 3792 unu

197 3847 346 3908 pureum,
370 3827 456 3910 quod
479 3831 564 3892 certe
588 3830 627 3892 ad
649 3829 843 3894 sententiam
866 3834 914 3894 est
936 3830 1147 3914 aptissimum.

285 3927 435 3993 Ceterum
463 3927 590 3994 videtur
615 3951 692 3993 sane
719 3931 889 4013 antiquum
916 3932 968 3996 hic
995 3931 1094 3996 fuisse
1122 3930 1157 3994 in
1180 3929 1343 3994 codicibus

200 4028 338 4093 Phaedri
365 4030 526 4094 mendum.
570 4029 655 4095 Nam
684 4032 770 4114 quod
795 4031 985 4116 inscriptum
1013 4035 1062 4096 est
1091 4031 1218 4096 fabulae
1240 4032 1262 4095 l.
1285 4029 1342 4114 IV,

203 4133 257 4196 19:
284 4150 420 4212 serpeus.
465 4133 682 4199 misericordia
704 4134 828 4212 uomoa,
860 4155 899 4198 ex
928 4134 997 4217 ipso
1020 4133 1077 4198 illo
1100 4133 1171 4197 loco
1195 4132 1344 4198 videntur

200 4233 319 4316 petisse
341 4232 465 4296 librarii
487 4234 678 4298 vocabulum
699 4237 837 4300 uumerus.
873 4233 997 4318 Nempe
1020 4237 1052 4299 et
1066 4234 1205 4298 Phaedri
1226 4239 1259 4299 et
1279 4234 1345 4318 ple-

205 4355 378 4417 rorumque
406 4337 573 4399 auctorum
600 4341 745 4400 veterum
773 4337 951 4401 carminum
978 4336 1092 4400 titulos
1120 4339 1246 4400 constat
1278 4358 1346 4400 non
1459 4391 1467 4400 .

205 4437 245 4500 ah
267 4435 346 4520 ipsis
367 4435 531 4520 profectos
553 4437 772 4520 scriptoribus,
796 4438 850 4502 sed
865 4461 884 4503 a
899 4437 1037 4503 librariis
1052 4437 1178 4524 antiqui
1192 4438 1345 4528 temporis
