3298 5110
682 310 888 373 -13-

209 468 257 530 est
279 463 416 528 Phaedri
440 487 535 548 quam
562 464 611 528 lac
640 464 744 548 lactis,
774 485 967 547 quamquam
996 463 1080 528 haud
1107 485 1180 528 raro
1203 463 1266 528 fuit
1287 467 1350 529 tur-

207 568 282 630 bata
306 566 428 630 eteius
452 566 556 650 culpa,
579 566 634 649 qui
657 566 829 648 scripserat
851 565 1002 648 codicem,
1026 565 1109 628 unde
1124 565 1274 629 Perottus
1294 587 1352 630 sua

209 668 382 752 excerpsit,
410 672 443 732 et
464 667 567 752 magis
589 667 689 750 ipsius
711 666 851 750 Perotti,
879 665 1020 730 hominis
1042 668 1192 732 metricae
1214 666 1351 731 Phaedri

209 769 411 854 ignarissimi.
458 768 556 834 (iuius
587 769 633 831 rei
666 768 700 830 in
733 767 912 850 exemplum
942 767 1102 850 (quamvis
1131 769 1183 831 vix
1207 790 1287 851 opus
1310 768 1352 832 sit

210 870 370 955 exemplo)
403 869 542 933 sufficiet
574 869 751 933 adscribere
785 869 913 932 initium
946 870 1074 954 prologi
1102 891 1121 932 a
1147 869 1281 933 Perotto
1311 868 1351 932 ad

210 969 368 1055 Pyrrhum
390 975 540 1054 nepotem
564 969 648 1034 dati:

429 1122 484 1159 non
503 1107 569 1159 sunt
585 1105 615 1158 hi
632 1105 701 1172 mei,
721 1122 791 1173 quos
808 1109 903 1174 putas,
923 1105 1066 1170 versiculi;

428 1189 477 1244 sed
496 1189 599 1258 Aesopi
618 1191 696 1256 sunt,
714 1189 816 1243 Avieni
836 1192 865 1242 et
882 1189 1017 1254 Phaedri;

430 1289 500 1343 quos
518 1274 634 1344 collegi,
652 1276 685 1326 ut
703 1275 807 1339 essent,
827 1274 948 1342 Pyrrhe,
966 1273 1048 1327 utiles
1065 1273 1128 1341 tibi,

428 1361 534 1427 tuaque
552 1375 636 1412 causa
653 1357 762 1426 legeret
778 1357 927 1426 posteritas

431 1459 501 1511 quas
520 1442 675 1496 edidissent
692 1442 747 1496 viri
765 1441 840 1495 docti
857 1443 976 1496 fabulas.

296 1579 358 1645 Sed
381 1585 418 1644 ut
433 1583 518 1643 recte
535 1579 572 1643 de
588 1578 720 1642 metrica
735 1577 850 1641 harum
865 1577 1045 1642 fabularum
1060 1578 1228 1662 iudicetur,
1251 1601 1353 1643 meam

213 1683 345 1747 omnino
369 1681 542 1746 editionem
565 1679 713 1760 adhiberi
730 1684 867 1763 oportet,
890 1702 962 1744 cum
985 1681 1018 1744 in
1041 1680 1202 1764 prioribus
1224 1681 1354 1763 plurimi

212 1784 358 1867 idemque
381 1781 562 1867 gravissimi
585 1784 754 1846 occurrant
777 1803 914 1863 errores3
937 1803 998 1846 nec
1013 1784 1099 1846 eninr
1115 1781 1281 1846 Bentleius
1304 1781 1354 1844 bis

211 1884 338 1967 fabulis,
362 1906 440 1968 quas
463 1884 605 1948 nondum
628 1885 773 1967 noverat,
796 1882 907 1946 auxilii
930 1883 1103 1967 quidquam
1126 1883 1245 1950 attulit.

296 1986 355 2050 His
377 1986 471 2050 rebus
495 1985 644 2051 omnibus
665 1984 831 2069 perpensis
859 1983 997 2067 primum
1022 1984 1150 2067 quidem
1172 1983 1284 2067 procul
1307 2005 1353 2046 re·
1424 2053 1426 2058 ,

210 2088 410 2153 movebimus
433 2088 647 2170 suspicionem
670 2086 769 2170 illam,
793 2108 856 2170 qua
875 2085 962 2148 ducti
977 2085 1125 2149 nonnulli
1141 2083 1353 2167 crediderunt,

211 2190 293 2254 hanc
316 2189 524 2274 appendicem
554 2193 610 2253 aut
637 2189 676 2252 ab
704 2188 775 2270 ipso
798 2187 931 2252 Perotto
961 2191 1017 2250 aut
1038 2186 1143 2250 medio
1167 2191 1251 2250 certe
1274 2209 1353 2250 aevo

212 2312 278 2354 esse
302 2291 528 2374 conscriptam.
573 2288 678 2354 Nemo
704 2289 789 2352 enim
812 2289 876 2352 illis
899 2288 1097 2371 temporibus
1120 2287 1269 2352 dictionis
1291 2309 1355 2350 me-

211 2397 397 2475 trorumque
435 2392 627 2478 elegantiam
662 2411 698 2454 ac
732 2391 965 2470 sinceritatem,
1004 2411 1100 2473 quam
1136 2389 1254 2453 fabulis
1290 2388 1355 2451 illis

211 2493 320 2557 adesse
342 2493 489 2576 vidimus,
512 2492 619 2576 potuit
641 2513 786 2576 aequare.
823 2491 937 2575 Neque
960 2491 1062 2575 magis
1084 2492 1160 2555 licet
1182 2511 1234 2554 cas
1256 2490 1354 2554 tribui

212 2593 333 2657 ultimis
357 2594 560 2678 antiquitatis
582 2593 727 2676 saeculis,
750 2597 787 2657 ut
802 2597 935 2676 apparet
951 2592 1103 2677 exemplis
1118 2591 1256 2656 Ausonii
1279 2591 1355 2654 alio·

212 2718 346 2780 rumque
368 2700 546 2779 po‘e'tarum,
570 2696 624 2778 qui
640 2698 744 2758 aetate
759 2694 816 2758 illa
831 2695 1092 2777 conscripserunt
1106 2691 1230 2758 iambos
1246 2691 1354 2756 eadem

211 2798 325 2880 podica
355 2798 517 2880 libertate,
552 2817 615 2879 qua
642 2795 796 2878 Phaedri,
831 2795 986 2880 insignes.
1033 2794 1153 2871 Quodsi
1182 2794 1355 2858 Frontonis

212 2904 356 2982 tempore
389 2904 444 2964 aut
479 2920 559 2963 saec.
590 2897 637 2961 ΙΙΙ
668 2900 775 2961 essent
807 2897 1020 2981 conscriptae,
1055 2897 1212 2961 haberent
1244 2895 1355 2978 utiquc

215 3001 409 3065 archaismos
432 3001 602 3085 quosdam,
626 2999 858 3084 quibus'plane
880 3003 998 3063 carent.

297 3101 424 3184 Itestat,
459 3105 496 3164 ut
524 3104 702 3164 statuamus
731 3121 783 3164 eas
811 3099 927 3164 sacal
956 3104 1012 3164 aut
1040 3102 1080 3163 ab
1110 3100 1180 3182 ipso
1209 3098 1354 3163 Phaedro

213 3206 269 3265 aut
290 3225 309 3265 a
331 3205 488 3266 sectatore
512 3200 579 3265 eius
601 3201 803 3283 compositas.
850 3199 970 3275 Quodsi
1000 3201 1040 3264 ab
1063 3199 1255 3264 admiratore
1278 3220 1355 3282 quo-

212 3305 283 3366 dam
308 3303 375 3366 eius
392 3307 423 3367 et
437 3302 563 3367 aemulo
586 3302 748 3386 profectae
771 3301 845 3385 sint,
870 3300 1037 3367 dicendum
1061 3302 1122 3366 erit
1145 3300 1256 3366 ecdem
1279 3323 1351 3364 casu

213 3403 350 3468 Phaedri
381 3405 511 3470 fabulis,
529 3426 581 3468 eas
614 3403 752 3487 additas,
787 3425 851 3487 quo
880 3403 1023 3490 syllegae
1053 3403 1221 3469 heroidum
1249 3401 1355 3465 Ovidii

213 3505 299 3569 haud
320 3529 439 3589 paucae
462 3510 538 3570 sunt
559 3505 727 3588 admixtae,
751 3527 830 3588 quas
846 3507 986 3591 Augusti
1003 3506 1052 3570 vel
1068 3505 1187 3569 Tiberii
1211 3508 1355 3587 tempore

213 3608 252 3671 ab
276 3606 382 3671 Ovidii
412 3608 627 3672 imitatoribus
657 3607 850 3690 compositas
879 3629 946 3671 esse
976 3611 1112 3675 constat.
1156 3606 1221 3671 Vix
1249 3609 1355 3670 tamen

213 3708 307 3772 credo
330 3730 397 3772 rem
420 3709 465 3772 ita
487 3731 520 3772 se
542 3708 669 3791 habere,
693 3710 845 3791 quoniam
861 3708 1035 3792 Phaedrus,
1059 3713 1095 3772 ut
1117 3708 1185 3792 ipse
1201 3707 1355 3791 queritur,

213 3810 320 3891 plores
345 3812 573 3876 obtrectatores
597 3831 691 3892 quam
712 3809 922 3875 admiratores
944 3802 1069 3875 invenit
1090 3812 1175 3874 inter
1196 3808 1355 3892 aequales.

214 3910 327 3994 Neque
350 3915 406 3975 aut
428 3910 549 3976 Seneca
571 3915 627 3974 aut
649 3909 868 3985 Quintilianus
892 3910 979 3996 (dial.
1003 3911 1064 3995 Xl,
1087 3912 1122 3995 8,
1145 3913 1181 3992 33
1211 3910 1284 3973 inst.
1309 3930 1354 3972 or.

215 4011 255 4092 V,
276 4015 323 4096 ll,
341 4013 380 4076 19
393 4019 487 4104 sqq),
510 4012 565 4076 ubi
589 4013 626 4076 de
649 4012 766 4076 fabulis
782 4016 883 4098 agunt
897 4013 1064 4097 Aesopeis,
1088 4013 1155 4076 eius
1178 4012 1358 4076 iniecerunt

214 4113 419 4176 mentionem.
462 4113 575 4197 Itaque
603 4115 680 4178 satis
709 4120 794 4178 certo
821 4115 942 4197 poterit
971 4114 1125 4178 affirmari
1147 4111 1356 4196 appendicem

215 4214 395 4277 fabularum
411 4214 546 4278 Phaedri
564 4215 663 4298 ipsius
679 4237 746 4280 esse
762 4215 914 4299 Phaedri,
931 4220 964 4279 et
978 4216 1056 4280 adeo
1073 4216 1106 4278 in
1122 4215 1181 4277 hac
1197 4213 1357 4276 sententia

214 4316 488 4399 acquiescendum.
521 4315 589 4380 Neo
605 4315 826 4381 Lachmannus
843 4318 968 4381 videtur
990 4317 1150 4381 dubitasse
1173 4315 1211 4378 de
1227 4318 1356 4378 auctore

215 4417 282 4480 eius
305 4417 465 4501 Phaedr03
500 4417 540 4480 cf.
565 4439 646 4500 quae
676 4418 802 4499 scripsit
829 4441 942 4482 copim.
967 4419 1059 4482 Lacr.
1085 4438 1159 4504 pgg.
1186 4415 1261 4498 1963
1284 4415 1356 4479 227.
