3298 5110
737 377 775 386 a.
821 341 861 403 28
909 379 945 387 ..

273 489 309 551 ut
331 494 529 571 ponerentur
553 492 675 575 16,'13,
702 493 749 576 18,
776 445 898 576 risle,
923 493 970 558 15.
1016 493 1098 558 Vide
1119 498 1227 558 tamen
1251 516 1293 558 an
1316 517 1365 558 vv.
1381 496 1412 577 5,

273 589 303 666 6,
327 611 399 654 cum
422 589 567 657 ferantur
588 594 684 658 tales:

474 727 523 779 ubi
540 728 713 795 immolatur,
732 730 798 782 exta
815 731 967 799 praegusto
987 730 1084 795 deum3

475 828 567 865 moror
585 813 660 866 inter
678 829 753 881 aras,
771 814 880 882 templa
896 813 1037 883 perlustro
1055 814 1156 881 omnia,

272 928 318 991 ita
339 928 502 1014 digniores
524 931 590 995 sint
611 931 772 996 Phaedro:

473 1082 566 1120 moror
583 1066 657 1120 inter
675 1083 747 1133 aras,
764 1066 872 1136 templa
889 1067 1028 1135 perlustro
1048 1069 1147 1133 deu1n;

473 1149 522 1202 nbi
539 1149 708 1218 immolatur,
728 1152 793 1204 exta
810 1153 962 1221 praegusto
981 1153 1083 1206 omnia.

356 1267 415 1331 His
446 1269 609 1351 aptissime
640 1270 703 1334 iam
731 1271 922 1355 respondere
949 1293 1001 1335 vv.
1033 1272 1168 1336 11-13
1196 1295 1291 1337 nemo
1319 1273 1412 1337 facile

271 1368 412 1452 negabit.
874 1451 877 1460 Δ

356 1469 526 1536 Praeterea
547 1495 673 1537 versum
696 1475 850 1558 primum,
878 1477 915 1538 ut
935 1477 1055 1538 temere
1084 1497 1122 1539 ex
1148 1474 1212 1559 Ill,
1239 1477 1285 1558 17,
1311 1476 1350 1539 13
1377 1477 1410 1538 in

271 1571 357 1636 hunc
379 1572 484 1637 locum
507 1574 709 1659 translatum,
731 1576 842 1659 utique
864 1575 955 1640 uncis
977 1575 1098 1640 includi
1116 1577 1272 1670 ‚oportuit

358 1723 406 1790 Ib.
428 1726 479 1810 25,
502 1728 544 1792 22
565 1751 650 1813 sqq.:

473 1864 589 1930 repente
608 1863 664 1918 duo
683 1881 746 1918 cum
764 1865 887 1930 iuvenes,
906 1865 993 1934 sparsi
1010 1865 1126 1934 pulvere

472 1946 573 2001 sudore
592 1948 682 2002 multo
700 1948 870 2015 diffluentes,
889 1964 1006 2017 corpore

472 2030 625 2085 humanam
643 2049 728 2102 supra
745 2033 865 2087 formam
883 2032 995 2086 cuidam
1014 2033 1123 2087 servolo

473 2116 616 2184 mandant,
634 2119 667 2171 ut
685 2117 720 2172 ad
739 2134 768 2172 se
786 2118 921 2187 provocet
939 2117 1124 2171 Simonidem:

472 2200 548 2255 illius
565 2201 708 2269 interesse,
728 2219 763 2256 ne
781 2201 868 2256 faciat
885 2218 1000 2256 moram.

357 2319 500 2403 Apparet
521 2342 580 2404 pro
603 2322 690 2388 illius
711 2322 825 2386 melius
847 2321 911 2406 legi
933 2323 1042 2404 ipsius.

354 2454 405 2518 Ex
427 2456 509 2520 libro
532 2457 646 2540 quinto
668 2457 785 2522 multas
806 2457 932 2522 fabulas
954 2458 1074 2540 perisse
1096 2459 1160 2522 iam
1182 2480 1279 2541 supra
1293 2481 1411 2523 memo-

270 2554 348 2620 ravi.
380 2555 424 2621 Et
438 2557 549 2622 uideor
564 2558 644 2622 mihi
659 2581 752 2642 posse
774 2559 992 2624 demonstrare
1015 2559 1123 2624 statim
1145 2563 1219 2642 post
1240 2559 1410 2644 prologum

270 2655 391 2740 aliquid
413 2657 623 2740 intercidisse
667 2659 765 2756 Ouius
787 2659 902 2724 ultima
923 2661 1023 2724 verba
1045 2683 1117 2725 cum
1140 2661 1205 2724 sint
1226 2659 1320 2724 haec:

474 2794 545 2847 adeo
562 2794 673 2848 fucatae
692 2795 757 2864 plns
774 2795 910 2849 vetustati
927 2795 1006 2848 favet

474 2877 581 2931 invidia
598 2879 716 2932 mordax
734 2877 917 2951 quamvbonis
935 2879 1140 2948 praesentibus.
1189 2945 1192 2954 .

474 2961 524 3016 sed
541 2961 598 3015 iam
617 2963 653 3015 ad
671 2962 804 3016 fabellam
821 2963 886 3016 talis
905 2963 1027 3032 exempli
1044 2962 1130 3027 seron

271 3083 460 3161 sequentem
481 3081 623 3146 fabulam
646 3082 684 3146 de
706 3081 871 3146 Demetrio
893 3103 969 3167 rege
991 3085 1023 3146 et
1045 3081 1224 3147 Menandro
1247 3086 1351 3166 poeta,
1374 3087 1411 3147 ut

271 3182 357 3243 recte
380 3180 550 3246 videantur
578 3183 664 3248 docti
687 3185 784 3248 verba
805 3184 840 3248 in
862 3183 1031 3248 Perottiuo
1054 3183 1162 3248 codice
1185 3182 1259 3247 huic
1282 3183 1409 3248 fabulae

271 3280 425 3365 inscripta
447 3287 597 3365 quomodo
619 3306 708 3369 saepe
728 3287 863 3366 fallatur
884 3286 1046 3350 hominum
1067 3285 1220 3350 scrutatum
1243 3284 1411 3370 cpimythii

271 3381 343 3446 loco
366 3385 545 3466 reposuisse
568 3386 602 3449 in
623 3386 709 3451 hunc
731 3387 912 3451 trimetrum
934 3389 1071 3449 mutata:

472 3519 627 3574 humanum
645 3537 728 3591 saepe
748 3522 786 3575 sic
804 3519 939 3575 iudicium
957 3519 1072 3585 fallitur,

271 3639 382 3700 tamen
404 3637 536 3703 minime
557 3661 688 3722 possum
710 3638 790 3703 mihi
810 3638 1001 3723 persuadere
1023 3637 1183 3723 pertinere
1205 3637 1301 3720 adid,
1324 3639 1409 3722 quod

272 3743 483 3822 proposuerat
514 3740 576 3805 sibi
608 3741 772 3806 Phaedrus
807 3740 1096 3805 demonstrandum.
1146 3738 1215 3805 Neo
1250 3740 1335 3804 enim
1372 3741 1409 3804 de

271 3839 381 3905 iudicii
412 3840 562 3925 humani,
597 3843 683 3927 quod
710 3842 848 3908 invitum
876 3863 969 3925 saepe
997 3845 1157 3925 peccaret,
1191 3840 1409 3906 imbecillitate

272 3945 402 4026 questus
435 3946 503 4007 erat
524 3942 702 4025 Phaedrus,
736 3944 790 4009 sed
818 3943 857 4008 de
885 3943 1085 4028 malignitate
1112 3943 1310 4026 criticorum,
1345 3943 1409 4027 qui,

272 4043 418 4126 quamvis
440 4043 545 4108 edocti
566 4044 714 4125 meliora,
746 4045 859 4129 quovis
887 4044 982 4108 modo
1005 4043 1185 4127 aequalium
1208 4044 1328 4127 scripta
1350 4043 1410 4106 ele·

271 4147 400 4228 varent,
423 4145 626 4228 antiquorum
655 4146 851 4213 extollerent.
895 4145 1039 4210 Eandem
1061 4146 1110 4209 sui
1133 4145 1286 4229 temporis
1308 4144 1410 4208 homi-

271 4268 349 4310 num
371 4247 612 4330 perversitatem
633 4246 805 4312 Horatium
833 4248 866 4311 in
895 4246 1032 4330 epistula
1060 4247 1099 4311 ad
1122 4249 1305 4332 Augustum
1328 4244 1410 4308 face·

271 4347 393 4412 tissime
424 4347 640 4431 perstringere
672 4352 785 4414 notum
818 4352 874 4413 est.
918 4348 1031 4431 ltaque
1065 4347 1104 4412 ad
1137 4370 1246 4412 versus
1279 4346 1410 4411 ultimos

273 4451 400 4540 prologi
421 4449 603 4536 probandos
631 4471 735 4536 neque
762 4450 974 4534 epimythium
996 4471 1131 4537 sequens
1154 4449 1232 4514 facit
1254 4451 1287 4513 et
1307 4446 1409 4513 multo
