3298 5110
705 318 893 380 „3-

228 471 424 536 obscuritate
447 491 599 534 sensuum
621 475 678 534 aut
700 469 871 535 verborum
894 470 1083 554 ambagibus
1104 468 1268 552 impedita,
1295 489 1371 552 qua·

227 574 272 636 les
304 575 381 637 sunt
412 572 497 636 inter
524 571 688 637 Romanos
720 571 911 654 Eutropius,
944 569 1069 654 Nepos,
1098 569 1272 634 Phaedrus.
1320 569 1370 634 Ex

227 675 343 758 quibus
375 695 568 757 quamquam
602 673 779 756 Eutropius
815 673 922 736 minus
958 694 1045 737 nunc
1080 672 1304 757 frequentatur
1335 673 1370 736 in

226 774 345 839 sobolis
367 797 465 858 quam
487 776 581 859 olim,
608 773 718 858 Nepos
741 778 773 838 61
794 773 960 839 Phaedrus
980 773 1126 838 nondum
1148 776 1224 837 sunt
1245 773 1369 856 depulsi

227 897 285 940 suo
307 877 431 941 honore
453 898 557 959 neque
579 875 674 940 facile
697 875 912 960 depellentur,
939 876 1002 940 nisi
1024 874 1123 958 forte,
1152 875 1185 938 id
1207 875 1294 958 quod
1316 874 1370 938 vix

227 978 302 1041 licet
337 979 475 1062 sperari,
513 978 590 1042 novi
628 999 759 1061 prorsus
796 980 829 1041 et
864 977 988 1061 pridem
1025 977 1205 1061 cognitioni
1240 979 1370 1040 nostrae

227 1079 374 1143 subducti
397 1101 436 1143 ex
457 1078 724 1144 bibliothecarum
752 1078 883 1144 latebris
912 1079 1187 1162 recuperabuntur
1214 1083 1369 1169 auctores,

227 1202 421 1264 quamquam
449 1202 516 1245 non
545 1179 732 1258 defuerunt,
763 1180 819 1264 qui
845 1169 1016 1264 utrumque
1044 1179 1133 1263 loon,
1161 1201 1256 1264 quem
1284 1201 1371 1245 nunc

227 1282 432 1346 obtinentin
455 1281 588 1365 scholis,
614 1286 809 1346 conarentur
831 1281 1009 1366 demovere,
1031 1285 1069 1346 ut
1089 1286 1198 1346 tamen
1219 1282 1282 1366 ipsi
1303 1303 1371 1347 non

227 1385 392 1466 haberent,
416 1405 496 1466 quae
519 1384 637 1447 rectius
659 1388 793 1467 possent
814 1384 976 1449 substitui.

310 1484 354 1548 nt
376 1506 452 1548 sane
471 1483 618 1549 Phaedro
641 1483 731 1569 (narn
752 1484 790 1549 de
813 1483 875 1549 hoc
897 1484 961 1549 iam
984 1505 1165 1550 sermonem
1187 1505 1258 1548 rum
1280 1469 1370 1549 insti-

226 1589 378 1678 tuturus),
392 1585 511 1650 adsunt
530 1584 641 1669 rnulta,
665 1586 780 1669 quibus
795 1587 979 1651 scholarum
994 1587 1104 1651 usibus
1119 1585 1369 1670 commendetur,

226 1688 286 1752 etsi
308 1710 349 1752 ne
371 1687 458 1751 hunc
480 1686 609 1770 quidem
631 1709 805 1770 puerorum
827 1689 867 1752 ad
888 1689 1060 1754 lectionem
1081 1710 1138 1752 sua
1153 1688 1368 1772 composuisse

229 1794 315 1854 certo
332 1793 467 1853 constat.
506 1787 610 1853 Aliter
633 1810 708 1853 sane
731 1811 781 1853 res
803 1790 901 1854 habet
922 1790 957 1853 in
972 1789 1101 1872 Babrio,
1124 1794 1220 1874 polita
1235 1789 1368 1874 Graeco,

226 1891 282 1973 qui
318 1889 507 1954 choliambis
542 1889 669 1954 fabulas
706 1890 896 1974 conscripsit
928 1890 1101 1974 Aesopeas.
1151 1891 1247 1956 Hunc
1283 1892 1368 1957 enim

226 1992 391 2075 Brancho,
422 1992 512 2075 regio
540 2013 658 2074 pucr0,
686 1991 884 2056 instituendo
914 1993 1088 2058 destinasse
1116 2015 1174 2056 sua
1201 1993 1302 2076 ipsius
1330 2015 1369 2057 ex

225 2093 409 2158 testimonio
431 2092 640 2177 intellegitur.
686 2091 749 2156 Sed
777 2093 816 2156 ad
838 2093 1019 2158 Phaedrum
1047 2098 1084 2159 ut
1110 2094 1252 2178 redeam,
1283 2095 1369 2178 quod

224 2193 259 2258 in
281 2194 356 2258 libri
378 2195 466 2259 tertii
487 2193 623 2277 prologo
639 2215 670 2256 v.
685 2191 761 2276 20¹)
784 2193 942 2276 gloriatur
964 2217 997 2258 66
1019 2198 1056 2260 61
1077 2195 1112 2258 16
1127 2193 1235 2259 Pierio
1257 2198 1368 2260 monte

224 2296 257 2360 h.
281 2318 309 2360 6.
337 2297 372 2359 16
400 2294 590 2359 Macedonia
617 2297 650 2358 et
679 2294 713 2356 in
743 2295 862 2360 vicinia
890 2297 1042 2360 Graeciae
1076 2296 1198 2360 editum
1231 2298 1266 2359 in
1299 2297 1369 2380 ipsa

224 2419 326 2482 paene
349 2397 460 2462 schola
480 2418 549 2460 esse
577 2403 705 2477 natum,
733 2418 771 2461 eo
800 2419 895 2462 sensu
922 2397 1064 2462 scholam
1087 2397 1168 2460 dixit
1190 2397 1367 2482 Graeciam,

225 2521 288 2583 quo
318 2499 530 2563 Terentianus
558 2520 587 2562 v.
614 2497 693 2560 1301
729 2498 862 2563 eandem
895 2501 1023 2563 vocavit
1049 2499 1249 2583 magistram,
1283 2499 1315 2564 11.
1340 2522 1366 2564 6.

225 2601 369 2664 omnium
402 2600 581 2665 studiorum
614 2598 795 2682 artiumque
827 2600 1076 2684 praeceptricem
1109 2603 1141 2664 61
1174 2600 1367 2685 exemplum.

225 2699 426 2785 Quamquam
448 2704 555 2785 potest
576 2701 674 2764 etiarn
695 2699 797 2764 videri
820 2702 979 2785 cogitasse
995 2701 1032 2766 dc
1048 2700 1166 2766 scholis
1188 2707 1366 2786 po'e'tarum,

224 2825 303 2888 quas
324 2805 482 2867 memorat
504 2800 663 2866 Martialis
685 2801 743 2885 IV,
766 2804 818 2884 61,
842 2805 871 2868 3.
909 2801 995 2867 Narn
1017 2804 1097 2868 tales
1121 2803 1173 2889 (de
1197 2805 1312 2887 quibus
1335 2809 1367 2869 et

224 2905 279 2969 alii
307 2905 456 2969 dixerunt
483 2925 577 2987 saepe
607 2908 641 2968 61
668 2925 727 2988 ego
750 2925 825 2989 pag.
851 2907 887 2967 11
911 2905 987 2969 libri
1009 2906 1047 2969 de
1069 2927 1103 2970 re
1126 2906 1258 2970 metrica
1279 2909 1366 2990 polit.

224 3007 330 3089 latin.)
365 3010 401 3069 ut
433 3006 518 3089 apud
550 3005 714 3070 Romanos
750 3006 884 3071 fuerunt
915 3007 1115 3090 frequentes,
1153 3008 1249 3071 etiam
1282 3007 1366 3091 apud

225 3109 364 3172 Graecos
392 3107 550 3186 exstitisse
579 3129 656 3171 sane
684 3128 780 3190 quarn
805 3108 973 3192 probabile
1001 3111 1058 3170 661.
1107 3107 1152 3172 Et
1183 3112 1292 3191 aperte
1326 3109 1365 3172 ad

224 3209 349 3273 scholas
378 3211 444 3271 sive
473 3208 610 3292 collegia
637 3211 819 3291 potiturum,
854 3230 935 3293 quae
969 3211 1061 3272 erant
1086 3208 1120 3272 in
1150 3209 1229 3272 urbe
1250 3208 1364 3288 Roma,

223 3311 392 3395 respicitur
420 3333 449 3373 v.
472 3309 514 3374 23
540 3307 681 3373 eiusdem
713 3309 850 3394 prologi.
900 3309 1078 3374 Puerorum
1111 3312 1218 3373 autem
1250 3311 1367 3393 peritia

223 3413 316 3477 latini
339 3411 495 3479 sermonis
517 3433 630 3494 parunr
652 3415 878 3494 provectorum
901 3398 999 3476 aetati
1016 3433 1072 3476 661
1094 3415 1160 3475 1661
1182 3414 1275 3494 aptus
1298 3433 1366 3476 6666

224 3515 370 3579 videatur
400 3514 579 3597 Phaedrus,
614 3513 674 3577 hae
707 3514 911 3596 potissimum
943 3517 1019 3578 sunt
1049 3535 1172 3578 causae.
1222 3513 1365 3576 Primum

223 3618 293 3700 ipsa
314 3621 505 3702 argumenta
528 3614 605 3679 satis
628 3616 826 3681 conveniunt
848 3617 946 3681 aetati
968 3621 1106 3698 tenerae,
1131 3636 1202 3678 cunr
1224 3637 1365 3698 praeser-

223 3718 282 3781 tim
299 3718 414 3782 additis
436 3718 625 3801 plerumque
647 3738 705 3800 per
725 3719 910 3801 promythia
924 3719 990 3781 sive
1006 3715 1183 3801 epimythia
1198 3715 1365 3780 sententiis

223 3819 398 3883 moralibus
430 3819 605 3883 secundum
637 3822 751 3882 notum
779 3818 907 3883 Horatii
936 3822 1141 3902 praeceptum
1171 3821 1210 3899 (6.
1233 3840 1265 3901 p.
1288 3818 1364 3900 343)

223 3921 395 3985 utilitatem
432 3922 587 3985 misceant
619 3920 821 3985 iucunditati.
873 3919 987 4004 Neque
1020 3920 1105 4002 apud
1138 3941 1270 4002 pueros,
1309 3919 1364 4002 qui

222 4044 281 4086 uec
321 4022 427 4087 solent
464 4044 532 4086 esse
570 4043 630 4086 nec
667 4022 785 4086 debent
822 4021 1015 4104 Aristarchi,
1060 4021 1198 4085 multum
1236 4019 1366 4084 nocebit

222 4123 369 4188 Phaedro
376 4175 384 4208 ,
419 4125 506 4207 quod
532 4123 693 4188 interdum
722 4124 838 4189 relatas
867 4123 1021 4206 exemplis
1044 4122 1174 4204 Graecis
1201 4143 1252 4186 res
1280 4122 1363 4185 dete·

210 4227 306 4290 11616
334 4226 467 4290 invertit
493 4226 677 4290 narratione
712 4227 814 4308 (cuius
843 4226 889 4289 rei
918 4224 1083 4308 complura
1111 4223 1302 4287 documenta
1329 4224 1363 4286 in

293 4449 311 4518 ¹)
333 4447 362 4499 ln
382 4444 531 4500 alt'orcudis
549 4445 671 4500 Phaedri
688 4445 813 4500 versibus
833 4446 896 4499 utor
913 4445 1036 4499 numeris
1055 4443 1185 4516 editionis
1202 4458 1292 4496 meaa.

1128 4533 1139 4582 1
1146 4531 1159 4558 ¹!
